1702 2939
591 202 878 248 ...89—

177 319 319 368 „Quae
346 320 433 360 miti
461 320 626 360 refoves
655 325 823 360 cunctos
852 321 1005 373 pictate
1033 321 1188 370 fideles,

170 389 286 435 „Quo
315 392 445 441 pac-to,
476 403 553 441 quo
577 390 670 441 jure
701 390 863 441 quidem
893 389 1132 440 contingere
1163 389 1330 429 tandem

56 455 150 497 285.
173 458 422 505 „Altithroni
448 471 595 497 nomen
624 464 821 503 sanctum,
850 459 1100 506 venerabile,
1130 471 1337 510 magnum,

171 525 350 574 „Infelix
381 540 456 577 ego
486 526 651 578 pollutis
681 539 897 578 praesumo
927 527 1098 574 labellis,

171 594 277 642 „Qui
316 593 541 643 Christum,
582 595 802 648 baptisma,
842 608 1024 643 cruceni,
1071 595 1221 634 Christi
1264 608 1424 648 quoque

1083 668 1255 704 matrem

178 731 263 779 „Te
293 734 448 771 castam
477 732 639 784 scriptis
668 732 949 784 blasphemavi
978 733 1082 771 male
1112 733 1229 785 pictis

174 799 437 852 „Cunctaque
467 801 656 840 coelestis
687 801 753 853 pia
785 806 1041 840 sacramenta
1070 802 1211 840 salutis
1225 803 1271 840 ?“

56 866 151 907 290.
229 868 305 907 His
336 869 534 907 miserens
564 870 758 921 querulis,
788 870 1000 909 inventrix
1028 869 1276 920 virginitatis

169 937 346 989 „Ajebat
373 938 532 976 blandis
563 937 710 976 iterum
739 938 979 977 clementius
1009 939 1138 977 orsis:

170 1005 394 1054 „Quamvis
423 1006 478 1044 sis
509 1006 705 1056 gravibus
734 1007 843 1045 vitiis
872 1007 1038 1045 nimium
1065 1007 1303 1054 maculatus,

173 1074 405 1122 „Attamem
434 1078 479 1113 ut
506 1074 655 1122 monui,
684 1074 902 1114 Dominum
930 1089 1009 1114 non
1040 1089 1189 1127 sperne
1219 1075 1351 1123 fateri,

177 1142 257 1191 „Et
286 1142 379 1194 quia
408 1143 540 1181 factus
570 1143 686 1182 homo
714 1144 843 1183 nostri
872 1144 1121 1183 solummodo
1149 1156 1282 1192 causa,

65 1209 161 1250 295.
184 1211 263 1258 „Ut
292 1224 407 1263 spem
435 1212 645 1250 conversis
675 1213 820 1251 veniae
851 1214 1069 1265 praeberet
1097 1213 1347 1251 habendae.“

229 1280 344 1318 Tunc
374 1280 476 1318 istec
504 1279 676 1327 demum,
706 1281 865 1320 monitis
895 1282 1076 1334 parendo
1101 1281 1297 1333 jubentis,

178 1346 279 1387 Cum
307 1348 483 1386 lacrimis
511 1348 615 1386 tales
647 1351 870 1401 spargebat
900 1350 952 1388 ad
983 1350 1154 1388 aethera
1182 1362 1327 1388 voces:

170 1416 314 1465 „Nunc
343 1417 520 1468 supplex
548 1430 736 1464 veneror,
764 1418 898 1465 laudo,
933 1418 1178 1470 conplector,
1209 1418 1333 1457 adoro

173 1485 265 1535 „Ex
293 1490 411 1538 patre
441 1486 620 1533 coelesti,
651 1485 868 1534 Christum,
900 1488 987 1525 sine
1021 1490 1204 1538 tempore
1233 1488 1387 1535 natum,

59 1553 157 1593 300.
179 1555 472 1607 „Temporibus
500 1555 651 1594 nostris
680 1555 847 1593 missum
877 1555 928 1593 de
959 1555 1058 1593 sede
1087 1555 1281 1606 parentiS‚

179 1622 259 1670 „Ut
289 1623 340 1661 de
372 1626 412 1661 te
443 1626 555 1661 casta
583 1636 743 1662 necnon
776 1624 825 1661 de
853 1623 1015 1662 flamine
1045 1625 1185 1661 sancto

175 1691 399 1739 „Indueret
430 1692 590 1743 fragilis
618 1694 783 1730 nostrae
813 1692 1016 1730 velamina
1046 1691 1193 1738 carnis,

175 1759 404 1811 y‚Huncque
427 1760 558 1799 Deum
583 1774 729 1799 verum
745 1773 903 1799 necnon
927 1760 1128 1798 hominem
1156 1760 1243 1798 fore
1265 1759 1432 1811 plenum

179 1829 294 1876 „Non
327 1829 475 1877 dubito,
501 1830 631 1868 nostri
660 1842 782 1867 causa
813 1829 882 1880 qui
910 1829 1080 1880 pertulit
1109 1841 1208 1879 ergo

65 1895 157 1936 305.
182 1897 448 1949 „Obprobriis
477 1898 602 1949 tangi,
634 1898 832 1949 colaphiS,
865 1898 994 1949 alapis
1026 1909 1186 1948 quoque
1218 1896 1333 1934 caedi

170 1965 404 2018 „Sacraque
432 1967 587 2018 pulsari
618 1967 771 2005 crebris
804 1979 877 2005 sua
906 1969 1026 2016 terga
1057 1965 1244 2016 flagellis,

179 2034 342 2085 „Atque
374 2035 503 2088 sputis
533 2035 644 2073 rutili
675 2035 854 2087 speciem
883 2035 1021 2074 vultus
1052 2033 1267 2082 maculari3

175 2101 393 2153 .‚Cnn1que‚
425 2110 641 2142 coronatus
673 2105 799 2156 spinis
831 2107 873 2143 et
904 2104 1000 2142 felle
1028 2107 1203 2155 potatus,

172 2171 315 2219 „Quae
348 2184 465 2210 sacra
490 2172 697 2224 praedixit
727 2173 941 2225 scriptura,
974 2184 1047 2224 per
1090 2183 1207 2210 omne
1238 2169 1429 2223 replevit,

58 2237 151 2278 310.
173 2239 409 2287 „Postremo
442 2241 568 2278 sacris
602 2241 794 2292 expansis
826 2242 866 2280 in
898 2254 1018 2280 cruce
1050 2240 1195 2292 palmis

171 2307 283 2357 „Ceu
314 2311 453 2361 pastor
483 2323 626 2357 verus,
658 2310 849 2349 bonitatis
880 2310 1032 2348 honore
1064 2309 1250 2356 decorus,

175 2377 279 2425 „Pro
310 2378 426 2416 nobis
457 2379 631 2417 animam
661 2378 840 2417 moriens
872 2379 1048 2430 ponebat
1076 2377 1289 2416 amandam

175 2445 335 2497 „Atque
368 2447 667 2499 sepulchralem
697 2447 872 2499 dignans
904 2448 1084 2499 suscepit
1114 2447 1329 2495 honorem3

92 2590 144 2617 ‘290
176 2591 382 2621 miserans,
407 2592 437 2617 C,
457 2600 482 2616 ιι.
505 2592 533 2617 S.
571 2593 633 2619 295.
657 2591 765 2617 lsthtec
795 2591 823 2615 Ρ,
849 2600 876 2616 n.
897 2590 926 2617 S,
979 2591 1040 2617 25²8.
1069 2590 1190 2619 Hunc,
1208 2591 1237 2615 C.
1259 2599 1288 2617 u.
1311 2589 1339 2614 S.
1370 2589 1430 2616 302.

175 2635 319 2669 fragis,
342 2636 393 2671 Μ.;
417 2637 528 2663 ebenso
550 2645 647 2672 urspr.
671 2639 699 2663 in
720 2638 752 2665 P.
796 2638 856 2664 310.
885 2638 1089 2672 expansis,
1126 2636 1156 2664 C.
1175 2645 1193 2663 u
1225 2635 1255 2662 S.
1294 2635 1353 2663 313.
1372 2635 1430 2661 Ad-

163 2690 255 2715 que,
279 2682 318 2707 M.
