1702 2939
821 218 1106 262 ...90-

405 336 535 385 „Hinc
558 336 719 377 inferna
743 339 899 388 petenS,
918 336 1028 374 erebi
1050 349 1208 387 quoque
1229 334 1407 374 claustra
1424 332 1648 380 resolvens

288 405 381 446 315.
405 405 603 453 „Mortem
634 405 848 451 destruxit,
880 405 1018 443 mortis
1050 410 1288 456 patremque
1319 401 1472 453 ligavit,

404 473 710 524 „Tartareoque
741 487 835 512 suos
867 473 993 511 traxit
1024 473 1073 510 de
1107 485 1271 511 carcere
1298 472 1443 523 justos,

409 542 495 590 „Ac
527 542 596 587 sic,
628 554 707 580 non
739 553 879 593 parva,
909 542 1050 587 victor,
1082 542 1297 580 comitante
1329 542 1508 585 caterva,

401 610 492 658 „Ad
524 623 694 662 superos
723 609 853 653 rediit,
885 610 1089 662 proprium
1121 621 1348 660 corpusque
1379 606 1558 653 resumit,

403 677 547 725 „Quod
579 678 653 716 suit
683 677 721 716 in
751 678 868 715 busto
902 678 1082 716 clausum
1113 678 1187 716 sub
1218 689 1418 715 marmore
1449 687 1622 725 magno3

289 744 382 785 320.
406 745 570 793 „Tertia
600 759 719 798 quem
750 746 888 784 vivum
918 746 1019 785 vidit
1051 747 1123 785 lux
1155 759 1270 784 omne
1302 757 1376 797 per
1405 755 1558 782 aevum

405 813 706 866 „Discipulique
738 814 800 852 sui
834 816 976 853 crebro
1007 815 1150 853 videre
1180 813 1300 859 beati,

403 882 570 934 „Ipsum
601 896 678 921 non
710 886 1034 929 convescentem,
1065 896 1173 922 nunc
1204 895 1303 933 ergo
1334 882 1569 933 loquentem

402 949 516 998 „Illis
548 951 598 989 de
630 964 758 1002 regno
790 951 898 990 dulci
930 964 1115 989 scr-mone
1148 952 1305 999 futuro3

403 1017 525 1065 „Post
557 1019 668 1065 haec,
699 1019 879 1057 attonitis
911 1020 1037 1058 oculis
1067 1019 1326 1058 cernentibus
1357 1017 1466 1070 ipsis,

289 1084 382 1124 325.
400 1085 584 1137 „Ipsam,
617 1099 734 1137 quam
766 1089 954 1139 sumpsit,
989 1100 1152 1126 carnem
1182 1101 1306 1139 super
1336 1089 1448 1124 astra
1476 1083 1653 1131 libravit,

402 1153 476 1201 „In
507 1165 586 1204 qua
613 1154 810 1205 judicium
843 1156 982 1194 veniet
1012 1156 1222 1194 celebrare
1252 1156 1433 1193 futurum

405 1220 592 1273 „Proque
623 1222 706 1260 suis
745 1223 902 1262 meritis
942 1224 1089 1263 reddet
1118 1226 1222 1263 bona
1251 1223 1319 1262 vel
1354 1222 1460 1262 mala
1489 1219 1654 1260 cunctis.

400 1288 542 1338 „Haec
570 1290 627 1329 ita
655 1290 891 1330 credentem
923 1293 1138 1344 cordisque
1169 1293 1248 1331 fide
1278 1291 1532 1331 retinentem

403 1358 564 1410 „Atque
596 1358 653 1397 tui
685 1359 972 1412 deposcentem
1004 1361 1162 1399 solitam
1193 1361 1397 1413 pietatem,

288 1423 382 1465 330.
403 1424 674 1473 „Commenda
705 1440 780 1474 me,
814 1428 955 1479 Virgo,
988 1430 1068 1475 tuo,
1099 1429 1365 1474 sanctissima,
1396 1429 1492 1466 nato

405 1493 691 1547 „Impetraque
722 1497 791 1534 tuo
822 1497 983 1535 veniam
1014 1497 1163 1536 famulo
1194 1497 1434 1536 sceleroso.“

460 1562 576 1602 Haec
604 1563 672 1602 ubi
703 1565 902 1603 continuis
934 1565 1101 1604 deflevit
1130 1566 1258 1604 verba
1289 1563 1480 1615 querelis,

408 1630 558 1670 Sancta
585 1631 660 1670 Dei
691 1633 873 1682 genitrix
904 1634 1127 1685 eademque
1158 1636 1303 1686 potens
1334 1630 1580 1671 dominatrix

406 1697 632 1747 Coelorum,
663 1701 801 1739 verbis
832 1702 1096 1753 respondens,
1129 1701 1280 1752 inquit,
1309 1700 1471 1739 amicis:

289 1765 383 1806 335.
407 1767 605 1820 „Propter
635 1770 873 1821 mysterium
904 1770 1008 1808 sacri
1039 1769 1292 1822 baptismatis
1323 1769 1473 1807 almum

405 1835 484 1884 „Et
514 1840 681 1888 propter
715 1837 874 1876 dulcem
905 1850 1024 1876 carae
1054 1838 1128 1877 mis
1159 1837 1284 1890 prolis
1315 1849 1504 1885 amorem,

401 1904 553 1956 „Cujus
585 1908 625 1943 te
656 1906 786 1957 pretio
818 1906 924 1944 sacri
954 1907 1036 1944 scio
1067 1905 1279 1956 sanguinis
1310 1904 1444 1956 amplo

401 1971 629 2024 ‚‚Emptum‚
661 1986 733 2024 pro
762 1974 910 2012 mundo
943 1974 1010 2025 qui
1042 1975 1157 2013 susus
1189 1975 1278 2011 erat
1307 1972 1503 2025 perituro,

405 2039 662 2087 „Procedens
694 2041 821 2079 saeris
853 2042 1049 2081 advolvor
1079 2042 1224 2080 sedula
1253 2041 1402 2093 plantis

290 2104 382 2146 340.
406 2107 544 2158 ‚‚Ejus,
576 2121 695 2159 quem
726 2109 861 2159 genui,
894 2114 1130 2149 cunctorum
1156 2110 1305 2162 judicis
1335 2108 1466 2160 aequi,

403 2175 516 2223 „Nec
545 2188 710 2228 parcam
740 2178 930 2229 preculis,
962 2179 1095 2217 studio
1127 2180 1310 2217 certante
1341 2177 1530 2231 profusis,

401 2244 566 2291 „Donec
597 2245 722 2296 ipsius
753 2246 889 2284 mitem
921 2259 1022 2296 cogo
1053 2246 1257 2298 pietatem,

405 2311 509 2359 „Ubi
539 2312 609 2351 tibi
640 2314 844 2364 parcendo
876 2314 1050 2353 dimittat
1079 2317 1193 2352 tanta
1223 2313 1391 2366 piacla.“

407 2379 482 2418 His
512 2380 641 2427 dictis,
673 2381 805 2420 subito
837 2381 1023 2420 discessit
1051 2382 1171 2433 virgo
1201 2383 1372 2430 sacrata,

291 2445 384 2486 345.
409 2446 530 2492 Quod
561 2449 775 2499 suscepisti
806 2449 1010 2488 credentis
1041 2463 1152 2488 more
1183 2449 1345 2502 popelli,

408 2515 616 2567 Linqucns
648 2517 812 2568 promisi
844 2517 990 2555 misero
1022 2518 1216 2556 solamina
1247 2517 1344 2555 sani.

325 2626 385 2655 317.
402 2626 495 2652 Aeni.
519 2625 548 2652 S.
582 2627 642 2653 3.:›.
655 2635 913 2660 carmennnper
933 2627 973 2654 S.
979 2628 1068 2655 .330.
1079 2627 1321 2662 Commendo,
1341 2628 1370 2655 C.
1384 2636 1411 2655 u.
1423 2626 1524 2656 s..336
1547 2634 1651 2663 prop-

395 2673 614 2722 terdueem.
640 2673 669 2701 S.
708 2673 767 2702 346.
790 2674 993 2709 promissi,
1025 2673 1056 2701 C.
1078 2682 1095 2700 u
1125 2673 1154 2699 S.
