1702 2939
796 213 1079 256 -24-

383 331 498 379 „Non
528 343 656 384 parvo
687 344 777 371 cum
808 332 863 372 sis
889 332 1024 385 junior
1054 336 1097 371 tu
1127 333 1308 384 tempore
1337 331 1509 372 nobis?“

381 400 498 445 Quae
528 403 636 449 tunc,
666 404 712 440 ut
741 414 911 454 semper,
942 402 1045 440 bene
1076 400 1266 440 sustinuit
1295 399 1509 453 patienter,

264 466 358 508 510.
375 467 490 508 Talia
519 469 595 508 fiee
622 455 749 509 verbo
775 470 859 522 jam
888 469 1192 509 contradixerat
1220 468 1313 508 ullo.

434 537 587 577 Astans
618 537 689 576 sed
721 538 836 578 citius
867 543 1002 578 custos
1032 551 1191 590 semper
1221 537 1295 577 sibi
1324 537 1440 586 fidus,

378 606 564 658 Angelus
587 606 790 658 astrigera
819 607 1011 660 dilapsus,
1042 607 1156 654 dixit,
1186 607 1236 646 ab
1266 606 1379 646 aula:

381 676 496 725 „Non
526 680 578 726 te,
609 676 750 729 Virgo,
780 689 892 728 rogo,
923 677 1163 728 perturbent
1191 675 1288 716 talia
1316 675 1455 724 verba,

377 745 512 794 „Istae
541 749 729 798 percerte
759 745 853 798 quia
882 749 1020 783 vatum
1050 758 1159 785 more
1189 745 1360 792 locutae,

264 812 358 854 515.
374 814 492 863 „Jam
522 827 628 853 nunc
658 827 860 867 praesaga
890 812 1077 853 dicebant
1106 827 1210 853 voce
1240 813 1388 860 futura,

376 882 464 931 „Tu
485 883 578 934 quia
607 883 692 922 sola
720 886 908 936 potenter
939 883 1019 922 eris
1048 882 1192 934 regina
1221 881 1414 934 perennis

375 951 567 1000 „Necnon
599 952 799 1003 stelligeri
828 952 1073 991 dominatrix
1102 952 1254 1004 inclyta
1283 950 1420 990 coeli.“

431 1019 529 1059 Post
558 1020 658 1060 haec
688 1023 848 1061 secreta
876 1021 1045 1060 sedebat
1071 1021 1110 1059 in
1141 1020 1242 1059 aede
1273 1019 1421 1072 quieta,

376 1087 609 1141 Purpureos
640 1089 776 1141 digitis
806 1090 894 1129 filos
924 1102 1097 1142 operans
1126 1089 1360 1128 benedictis.

262 1156 355 1198 520.
372 1157 557 1209 Angelus
588 1161 629 1197 et
659 1171 836 1197 summus
866 1156 1061 1198 Gabrihel
1094 1157 1376 1210 conspectibus
1406 1157 1494 1210 eJus

374 1226 526 1274 Astitit,
556 1226 758 1278 astrigera
787 1227 990 1266 coelorum
1019 1227 1158 1280 lapsus
1189 1227 1238 1266 ab
1269 1225 1374 1274 aula,

375 1295 697 1347 Virgineumque
728 1295 852 1335 decus
882 1296 1019 1335 verbis
1049 1295 1194 1335 affatur
1223 1294 1397 1343 amicis,'

375 1363 503 1404 Juxta
531 1367 777 1412 cunctorum,
807 1377 991 1412 narrans,
1023 1364 1186 1404 oracula
1210 1366 1349 1403 vatum

376 1431 512 1485 Ipsius
543 1445 564 1471 e
596 1435 707 1472 casto
736 1433 849 1472 nasci
879 1433 1086 1485 dignarier
1115 1432 1207 1471 alvo

261 1499 354 1541 525.
372 1501 592 1540 Altithroni
622 1501 777 1554 prolem
805 1503 954 1542 mundo
984 1500 1389 1553 satis·antiquiorem‚

375 1569 644 1623 Virgineique
671 1571 831 1610 modum
860 1574 1002 1624 partus
1031 1573 1172 1609 narrat
1199 1568 1513 1609 memorandum.

430 1638 542 1690 Ergo
573 1651 653 1678 non
683 1640 833 1679 nostris
862 1639 966 1692 potis
996 1642 1060 1679 est
1088 1638 1285 1692 exponier
1315 1637 1416 1677 orsis

372 1707 518 1747 Nobile
549 1708 802 1760 colloquium,
831 1709 954 1760 longo
984 1721 1170 1747 sermone
1195 1709 1415 1760 peractum,

375 1775 557 1827 Virginis
587 1779 792 1825 aeternae,
823 1775 972 1817 Christi
1001 1777 1140 1816 matris
1169 1776 1420 1824 benedictae,

260 1842 354 1884 530.
371 1844 518 1884 Partus
550 1848 591 1885 et
619 1846 722 1885 tanti
751 1858 868 1886 sacra
897 1845 1100 1886 narrantis
1131 1844 1409 1899 paranymphi.

374 1912 455 1952 Sed
484 1926 561 1953 nec
591 1914 802 1966 dactylicis
833 1928 932 1968 opus
964 1919 1027 1956 est
1055 1931 1128 1956 nos
1157 1915 1334 1969 psallere
1365 1912 1525 1953 chordis

370 1980 567 2034 Magnum
594 1995 820 2022 moerorem
850 1983 1003 2038 Joseph
1033 1986 1256 2036 durumque
1287 1983 1478 2030 dolorem,

370 2049 545 2090 Frustra
574 2051 817 2092 cordetenus
848 2068 926 2106 quo
952 2054 1036 2106 jam
1065 2055 1200 2093 fuerat
1228 2052 1443 2099 cruciatus,

371 2120 512 2160 Talem
541 2122 634 2161 dum
665 2123 877 2174 gravidam
907 2123 1102 2162 sensisset
1131 2122 1236 2162 forte
1265 2121 1452 2175 puellam.
1485 2151 1490 2157 .

258 2186 351 2229 535.
376 2189 562 2235 Qualiter
593 2193 634 2230 et
661 2191 789 2231 tristis
819 2192 973 2231 solatur
1003 2195 1183 2245 tempore
1214 2190 1356 2237 noctis,

371 2257 555 2309 Virginis
584 2259 773 2308 intactae,
800 2261 950 2312 jussus,
982 2273 1119 2300 curam
1148 2260 1339 2306 retinere,

370 2325 554 2378 Virginis
584 2330 625 2367 et
654 2328 751 2376 nati,
783 2330 896 2368 nobis
928 2330 979 2368 de
1009 2330 1143 2369 sidere
1173 2327 1294 2368 missi.

369 2394 485 2434 Haeo
515 2397 744 2448 evangelici
774 2397 1054 2438 demonstrant
1083 2399 1228 2438 cuncta
1256 2395 1395 2443 libelli,

368 2463 541 2504 Nostras
571 2466 613 2504 et
641 2465 811 2517 fragiles
842 2467 1048 2508 excedunt
1077 2467 1252 2520 denique
1280 2464 1401 2504 vires.

273 2589 335 2615 515.
357 2596 500 2622 perunga,
518 2587 558 2615 M.
580 2596 607 2614 u.
635 2588 665 2614 P.
692 2589 753 2616 51⁵³.
775 2589 947 2615 sedebat.
971 2599 1065 2624 nrapr.
1087 2592 1113 2616 in
1133 2591 1189 2624 M.,
1209 2591 1285 2616 dann
1307 2599 1361 2618 von
1383 2594 1514 2627 spinet-er
1532 2591 1614 2618 Hand

378 2635 513 2669 corn-igin
533 2635 559 2660 in
580 2635 802 2669 residentum
826 2636 1053 2671 sideba131’.;
1078 2637 1287 2672 residebat,
1307 2637 1338 2666 C.
1359 2646 1387 2666 u.
1412 2636 1442 2666 S.
1465 2639 1526 2668 522.
1548 2637 1614 2665 vir-

381 2681 534 2716 gineum
555 2681 653 2715 decus,
674 2680 706 2710 C.
729 2689 756 2708 ιι.
776 2680 806 2708 S.
