1702 2939
801 254 857 260 -
913 228 941 270 2
999 253 1055 259 —

251 363 408 409 raque
445 345 538 392 sub
575 346 667 390 hac
703 345 839 390 serie
876 344 1284 404 reprehensione
1321 344 1474 405 digna
1502 344 1610 390 lati-

248 464 373 514 tare,
427 455 518 502 sed
573 470 780 500 errores
825 454 1004 499 fatenti
1041 453 1202 499 facilis
1239 454 1405 513 venia,
1452 454 1609 501 vitiis-

246 582 342 627 que
380 566 595 611 debetur
631 565 714 626 pia
750 564 1010 611 correctio,
1077 563 1133 608 Si
1172 567 1339 609 autem
1378 564 1606 623 obicitur,

246 676 377 736 quod
414 674 664 737 quaedam
702 673 852 733 hujus
889 673 1064 735 operis
1103 671 1254 732 juxta
1290 674 1604 734 quorundam

245 785 653 831 aestimationem
689 789 890 845 sumpta
921 784 1023 829 sint
1055 798 1121 831 ex
1150 783 1473 845 apocryphis,
1505 799 1605 830 non

244 900 322 941 est
357 895 546 940 crimen
593 893 1028 956 praesumptionis
1067 896 1288 956 iniquae,
1329 893 1420 939 sed
1458 907 1605 939 error

242 1005 581 1064 ignorantiae,
618 1005 750 1065 quia,
787 1004 988 1065 quando
1024 1002 1177 1065 hujus
1211 1009 1411 1050 stamen
1448 1002 1604 1049 seriei

241 1129 514 1175 coeperam
553 1114 722 1173 ordiri,
760 1115 1010 1175 ignoravi,
1056 1115 1207 1161 dubia
1243 1128 1380 1172 esse,
1416 1113 1464 1158 in
1501 1113 1605 1174 qui-

240 1225 336 1270 bus
374 1224 601 1285 disposui
640 1223 896 1271 laborare.
953 1226 1020 1271 At
1051 1225 1134 1271 ubi
1170 1223 1464 1284 recognovi,
1490 1237 1605 1284 pes-

240 1334 482 1379 sumdare
521 1334 817 1393 detrectavi,
863 1335 995 1396 quia,
1049 1333 1182 1396 quod
1218 1333 1419 1380 videtur
1464 1333 1603 1380 falsi-

237 1449 333 1502 tas,
347 1442 522 1489 forsan
537 1443 837 1505 probabitur
851 1459 970 1490 esse
984 1444 1192 1491 veritas.
1227 1445 1350 1491 Cum
1374 1458 1460 1490 res
1477 1458 1599 1490 sese

237 1554 304 1599 ita
331 1557 365 1609 ¹)
400 1553 640 1613 habeant,
672 1555 857 1607 tant02)
905 1554 967 1601 ad
990 1554 1206 1616 perfecti
1243 1554 1598 1602 defensionem

237 1663 471 1725 opusculi
507 1664 878 1726 permultorum
920 1662 1186 1724 juvamine
1224 1681 1372 1728 egeo,
1409 1668 1598 1726 quanto

235 1773 284 1819 in
319 1773 431 1834 ipsa
467 1773 757 1835 inceptione
806 1775 972 1821 minus
1027 1774 1129 1820 ulla
1173 1776 1367 1837 proprii
1404 1775 1598 1837 vigoris

235 1882 484 1928 fulciebar
519 1883 841 1943 sufficientia,
892 1885 1009 1946 quia
1059 1900 1155 1930 nec
1201 1891 1398 1932 matura
1435 1885 1598 1932 adhuc

235 1996 405 2038 aetate
440 1991 639 2052 vigens,
678 2009 772 2039 nec
802 1994 1011 2040 seientia
1062 1993 1135 2040 fui
1179 1996 1469 2056 proficiens,
1503 1994 1596 2042 sed

234 2116 329 2147 nec
365 2101 513 2147 alicui
550 2103 856 2164 sapientium
892 2104 1132 2150 affectum
1180 2120 1327 2152 meae
1362 2105 1597 2151 intentio-

236 2210 316 2256 nis
366 2211 682 2259 consulendo
727 2216 1053 2276 praesumpsi
1077 2220 1115 2272 ³)
1173 2216 1473 2276 enucleare,
1527 2230 1593 2262 ne

231 2319 538 2380 prohiberer
575 2337 669 2382 pro
707 2323 1004 2370 rusticitate.
1056 2325 1219 2385 Unde,
1249 2326 1374 2372 clam
1401 2325 1594 2371 cunctis

233 2433 283 2474 et
318 2430 463 2490 quasi
499 2429 671 2476 furtim
707 2447 841 2478 nunc
876 2434 925 2479 in
961 2435 1327 2497 componendis
1364 2435 1477 2481 sola
1510 2434 1593 2482 de-

291 2597 318 2647 ¹)
350 2597 422 2635 ita
455 2610 591 2645 sese,
626 2597 666 2641 S
726 2598 760 2648 2)
793 2601 997 2649 tantist&
1058 2602 1091 2654 3)
1121 2602 1458 2655 praesumpsi
1490 2601 1591 2641 fehlt

340 2665 380 2704 in
414 2664 454 2705 [ζ
485 2679 519 2705 u.
552 2667 590 2707 S.
