1702 2939
597 191 913 234 —195-

579 307 933 349 Calimachus.

67 379 170 418 Inde
200 391 281 417 non
313 391 423 426 curo,
456 377 489 416 si
520 377 650 431 ipsam
681 378 733 416 ad
754 378 835 416 mei
857 390 1037 417 amorem
1060 379 1270 419 attrahere
1290 382 1444 433 potero.

659 445 842 485 Amici.

65 504 158 544 Non
190 504 356 557 poteris.

588 558 932 601 Calimachus.

67 616 150 658 Cur
181 617 393 657 diffiditis?

665 675 842 715 Amici.

67 743 173 789 Quia
201 756 289 783 rem
320 742 524 782 difficilem
554 743 671 796 petis.

585 812 930 852 Calimachus.

63 881 170 921 Num
201 896 278 934 ego
309 883 463 935 primus
504 882 736 933 hujusmodi
776 895 865 920 rem
892 884 999 934 peto,
1042 884 1083 922 et
1113 895 1193 923 non
1224 883 1443 923 multorum

64 951 117 990 ad
147 952 381 990 audendum
411 954 658 1004 provocatus
690 964 779 989 sum
810 951 1032 1003 exemplo?

660 1018 837 1058 Amici.

63 1089 250 1137 Intende,
269 1089 420 1128 frater:
453 1101 501 1127 ca
531 1088 631 1140 ipsa,
665 1101 786 1139 quam
816 1088 949 1137 ardes,
969 1089 1099 1128 sancti
1116 1088 1142 1128 J
1145 1088 1315 1128 ohannis
1346 1101 1441 1141 apo-

64 1158 157 1197 stoli
189 1158 414 1197 doctrinam
446 1161 599 1205 secuta,
631 1159 758 1196 totam
789 1170 833 1195 se
866 1157 1033 1197 devovit
1062 1157 1167 1205 Deo,
1198 1157 1239 1196 in
1269 1159 1441 1204 tantum,

62 1230 107 1265 ut
148 1240 224 1265 nec
264 1227 315 1265 ad
358 1227 520 1265 thorum
560 1225 806 1274 Andronici,
849 1226 1175 1265 christianissimi
1218 1226 1316 1274 viri,
1355 1227 1441 1277 J'am

63 1295 215 1334 dudum
246 1295 376 1348 potuit
397 1295 606 1340 revocari,
639 1308 717 1345 quo
741 1295 871 1333 minus
894 1297 988 1334 tuae
1006 1294 1235 1334 consentiet
1255 1294 1440 1334 vanitati.

581 1362 929 1402 Calimachus.

62 1432 259 1478 Quaesivi
290 1444 314 1471 a
343 1432 459 1472 vobis
491 1432 819 1481 consolationem,
851 1432 925 1471 scd
955 1432 1136 1472 incutitis
1166 1431 1265 1472 mihi
1294 1432 1440 1486 despe-

60 1501 271 1540 rationem.

659 1557 838 1597 Amici.

62 1627 144 1673 Qui
175 1627 351 1676 simulat,
383 1626 500 1675 fallit,
530 1630 571 1667 et
603 1628 671 1680 qui
700 1628 860 1680 profert
889 1627 1175 1677 adulationem,
1197 1628 1340 1667 vendit
1367 1640 1439 1667 ve-

56 1697 231 1736 ritatem.

575 1752 927 1792 s‘alimachus.

58 1822 163 1869 Quia
193 1823 291 1861 mihi
317 1824 504 1862 vestrum
534 1823 732 1862 auxilium
763 1822 1012 1871 subtrahitis,
1031 1822 1162 1875 ipsam
1178 1823 1297 1863 adibo
1330 1823 1437 1875 ejus-

57 1905 137 1944 que
169 1892 302 1931 animo
334 1892 413 1931 mei
445 1905 624 1932 amorem
653 1891 943 1931 blandimentis
975 1892 1246 1945 persuadebo.

659 1960 841 2000 Amici.

55 2016 169 2057 Haut
198 2017 479 2071 persuadebis

577 2074 881 2115 Calimachu
894 2088 925 2114 s.

57 2132 218 2186 Quippe
249 2135 370 2172 vetar
401 2133 508 2172 fatis.

664 2201 701 2241 A
714 2201 845 2241 mici.

55 2255 342 2311 Experiemur.

569 2372 730 2413 Calin]
748 2373 923 2412 achus.

57 2440 198 2481 Sermo
230 2455 345 2481 meus
377 2442 429 2482 ad
460 2445 513 2490 te,
545 2441 763 2490 Drusiana,
795 2440 1089 2494 praecordialis
1120 2454 1243 2482 amor.

600 2511 885 2549 Drusiana.

58 2577 161 2625 Quid
203 2592 362 2618 mecum
404 2579 522 2628 velis,
555 2578 808 2629 Calimache,
841 2579 1097 2619 sermonibus
1129 2592 1275 2632 agere,
1305 2579 1431 2619 vehe-

55 2650 213 2687 menter
245 2648 433 2688 admiror.

1049 2704 1102 2745 13
1129 2704 1153 2729 ‘³‘
