1702 2939
636 184 952 227 -247—

101 312 237 345 tamen
279 303 385 342 hanc
426 301 641 355 nequimus
680 314 899 355 superare,
931 300 1026 354 quia
1057 301 1268 342 familiaris
1300 304 1364 342 est
1394 302 1475 342 sra-

101 373 249 427 gilitati
278 374 457 412 nostrae.

616 440 649 480 P
661 452 685 478 a
696 453 721 493 p
733 439 760 478 h
771 452 798 478 n
808 453 836 478 u
846 439 922 478 tiu
934 452 965 478 s.

101 510 315 557 Quaedam
344 509 546 563 inpudens
577 509 729 548 femina
759 510 942 548 moratur
972 507 1014 547 in
1044 507 1122 548 hac
1152 507 1296 562 patria.

647 577 934 630 Discipuli.

101 650 187 690 Res
220 649 377 689 civibus
408 648 649 702 periculosa.

610 727 964 780 Paphnutius,

100 798 217 838 Haec
246 798 432 837 miranda
462 796 668 851 praenitet
696 795 1000 849 pulchritudine
1031 797 1074 836 et
1103 795 1309 836 horrenda
1335 796 1477 837 sordet

97 867 363 921 turpitudine.

637 921 924 975 Discipuli.

101 993 359 1033 Miserabile!
393 992 502 1039 Quid
533 991 742 1032 vocatur?

610 1070 963 1124 Paphnutius.

99 1130 236 1171 Thais.

649 1185 935 1239 Discipuli.

97 1246 177 1286 Illa
206 1245 439 1286 meretrix?

181 1352 183 1356 ι
606 1300 963 1355 Paphnutius.

95 1360 204 1414 Ipsa.

638 1415 924 1468 Discipuli.

96 1488 198 1541 Ejus
229 1486 395 1527 infamia
423 1486 525 1525 nulli
556 1488 620 1525 est
649 1485 868 1537 incognita.

606 1565 962 1619 Paphnutius.

96 1638 186 1678 Nec
213 1637 371 1685 mirum,
404 1635 498 1689 quia
527 1648 609 1675 non
641 1634 835 1686 dignatur
867 1648 958 1674 cum
986 1635 1128 1688 paucis
1167 1634 1220 1674 ad
1262 1633 1473 1675 interitum

96 1707 288 1756 tendere,
330 1706 405 1745 sed
443 1706 630 1757 prompta
671 1706 734 1743 est
773 1717 913 1744 omnes
943 1704 1154 1743 lenociniis
1187 1717 1286 1744 suae
1318 1705 1473 1744 formae

95 1775 252 1815 illicere
284 1787 506 1826 secumque
539 1773 591 1812 ad
621 1772 831 1812 interitum
860 1772 1039 1812 trahere.

646 1854 934 1907 Discipuli.

95 1913 304 1966 Lugubre.

606 1969 961 2022 Paphnutius.

100 2040 189 2080 Nec
229 2039 361 2079 solum
390 2051 574 2091 nugaces
614 2039 816 2078 vilitatem
857 2051 956 2078 suae
1002 2028 1230 2077 familiarisv
1255 2037 1317 2078 rei
1357 2037 1473 2078 dissi-

95 2111 196 2163 pant
226 2108 337 2148 illam
368 2107 549 2156 colendo,
581 2107 655 2145 sed
687 2107 809 2146 etiam
838 2109 1130 2160 praepotentes
1156 2107 1235 2146 viri
1264 2108 1471 2161 pretiosae

93 2177 338 2217 varietatem
350 2175 648 2230 suppellectilis
660 2176 938 2229 pessumdant,
949 2189 1030 2216 non
1047 2177 1201 2229 absque
1214 2177 1277 2217 sui
1293 2176 1469 2231 dampno

98 2247 205 2286 hanc
237 2246 413 2285 ditando.

646 2302 680 2341 D
695 2302 706 2341 i
720 2315 738 2341 s
753 2315 773 2341 c
787 2301 834 2355 ip
847 2315 873 2340 u
884 2302 898 2340 l
910 2302 932 2341 i.

96 2372 382 2412 Hor-rescimus
414 2371 566 2411 auditu.

615 2440 648 2480 P
661 2452 684 2479 a
694 2454 718 2493 p
731 2440 757 2478 h
769 2452 795 2479 n
806 2453 833 2478 u
844 2442 861 2479 t
872 2440 884 2479 i
895 2453 921 2479 u
932 2453 962 2479 s.

98 2508 260 2563 Greges
289 2512 517 2550 amatorum
549 2509 600 2549 ad
630 2509 742 2549 illam
772 2509 991 2550 confluunt.

647 2578 682 2617 D
695 2578 739 2617 is
752 2578 795 2617 ci
807 2591 832 2631 p
844 2578 895 2617 ul
909 2578 932 2617 i.

98 2646 151 2688 Se
180 2648 291 2701 ipsos
323 2649 513 2701 perdunt.
