1702 2939
778 182 1091 225 —218—

824 299 1051 352 Ephrem.

255 369 362 414 Quia
409 380 627 419 numquam
672 368 828 416 oceidit,
860 369 931 407 sed
963 368 1252 420 navigantibus
1291 367 1394 426 recti
1433 366 1616 408 semitam

256 436 411 476 itineris
443 436 593 487 dirigit.

846 492 1027 532 Maria.

257 562 312 602 Et
350 562 419 615 qui
459 566 599 615 posset
638 562 749 609 sieri,
790 564 834 600 ut
874 575 950 613 ego
989 561 1168 610 tantilla,
1209 574 1263 600 ex
1302 562 1413 602 lutea
1450 561 1621 602 materia

257 631 463 677 conserta,
505 644 552 670 eo
593 631 839 682 attingerem
867 630 1043 678 meritis,
1084 643 1162 683 quo
1202 630 1441 684 mysterium
1479 632 1622 688 rutilat

257 699 460 739 nominis?

825 767 1060 820 Ephrem.

259 837 428 876 Illibata
459 836 639 889 eorporis
670 836 905 887 integritate
937 849 1119 889 puraque
1150 837 1297 876 mentis
1327 836 1554 878 sanctitate.

855 904 1033 944 Maria.

262 972 442 1014 Grandis
474 976 537 1013 est
566 973 740 1022 honoris,
772 974 972 1013 hominem
1003 973 1170 1025 aequari
1200 976 1403 1014 astrorum
1431 974 1567 1015 radiis.

827 1042 1062 1094 Ephrem.

259 1109 375 1155 Nam,
408 1110 441 1148 si
473 1110 708 1162 incorrupta
737 1113 778 1148 et
807 1110 925 1161 virgo
956 1110 1225 1162 permanebis,
1257 1110 1416 1162 angelis
1445 1110 1523 1151 Dei
1551 1111 1625 1151 fies

260 1178 463 1229 aequalis,
505 1179 650 1229 quibus
691 1178 856 1217 tandem
892 1179 1061 1230 stipata,
1108 1179 1227 1229 gravi
1272 1179 1452 1231 eorporis
1499 1193 1623 1220 onere

263 1247 434 1298 abjecta,
456 1245 506 1298 ¹⁴¹)
524 1247 774 1298 pertransies
796 1245 827 1270 ¹4
839 1247 871 1299 θ’)
895 1259 1003 1295 aera,
1022 1247 1345 1300 supergradieris
1365 1247 1545 1297 aethera,
1561 1262 1626 1288 zo-

264 1314 423 1353 diacum
461 1328 682 1367 percurres
715 1315 936 1363 circulum,
977 1329 1053 1354 nee
1083 1315 1342 1357 subsistendo
1381 1316 1627 1369 temperabis

262 1396 472 1433 grossum,
519 1383 647 1422 donee
679 1383 926 1436 amplexaris
964 1384 1219 1437 amplexibus
1265 1384 1341 1424 filii
1371 1383 1555 1437 Virginis
1583 1385 1626 1426 in

265 1451 427 1490 lucifluo
458 1451 634 1491 thalamo
666 1452 727 1491 sui
757 1452 978 1504 genitricis.

860 1520 1037 1560 Maria.

274 1588 353 1634 Qui
395 1589 496 1627 haee
536 1589 652 1641 parvi
691 1589 862 1641 pendet,
900 1589 1058 1628 asinum
1096 1589 1218 1637 vivit,
1253 1589 1362 1628 unde
1400 1589 1634 1643 praesentia

269 1657 459 1710 despicio,
481 1663 631 1698 memet
648 1658 777 1711 ipsam
808 1658 979 1710 denego,
997 1670 1075 1710 quo
1104 1670 1265 1697 merear
1294 1657 1442 1698 ascribi
1470 1657 1632 1711 gaudiis

266 1731 404 1765 tantae
439 1726 656 1766 felicitatis.

832 1795 1068 1848 Ephrem.

271 1861 391 1909 Ecce,
422 1863 692 1902 nanciscimur
722 1863 760 1902 in
794 1869 960 1917 pectore
992 1864 1166 1903 infantili
1195 1863 1333 1902 senilis
1358 1861 1633 1903 maturitatem

271 1943 434 1981 ingenu.

814 1989 852 2028 A
865 1990 888 2028 b
901 2002 921 2028 r
933 2001 957 2027 a
968 1989 995 2028 h
1006 2001 1029 2027 a
1039 2002 1088 2027 m.

273 2054 417 2095 Gratia
448 2056 524 2095 Dei
552 2060 615 2096 est
645 2057 697 2106 id,
730 2058 836 2109 quod
869 2061 942 2096 est.

835 2125 870 2165 E
882 2139 906 2178 p
920 2126 945 2164 h
957 2138 977 2164 r
989 2138 1009 2164 e
1021 2139 1071 2165 m.

272 2192 427 2244 Negat-i
448 2193 497 2245 ¹⁵)
528 2193 679 2246 nequit.

821 2263 855 2302 A
867 2263 892 2301 b
905 2276 924 2300 1·
935 2275 958 2301 a
968 2263 993 2301 h
1007 2275 1029 2301 a
1039 2275 1089 2301 m.

276 2328 357 2367 Sed
388 2329 485 2369 licet
515 2330 590 2369 Dei
621 2331 753 2382 gratia
783 2331 835 2370 sit
865 2331 1081 2377 illustrata,
1111 2329 1341 2369 inbecillem
1370 2330 1506 2369 tamen
1525 2329 1635 2368 aeta.-
1692 2359 1702 2382 ⁸„

276 2400 358 2436 tem
389 2411 461 2436 suo
494 2399 551 2437 uti
582 2412 660 2437 non
692 2399 860 2452 prodest
889 2399 1066 2439 arbitrio.

314 2555 358 2588 1³)
377 2555 550 2590 abjecta,
571 2564 604 2582 so
624 2557 675 2583 der
695 2558 763 2584 Cod.
785 2566 810 2585 u.
834 2558 875 2591 n,
895 2557 957 2582 dem
972 2556 1072 2582 Roime
1092 2554 1218 2589 folgend,
1240 2554 1315 2580 ohne
1336 2551 1497 2580 Riicknieht
1514 2551 1571 2578 auf
1584 2551 1637 2578 daz

380 2600 556 2628 Gesemrcm
577 2610 632 2627 von
653 2611 746 2635 onus:
767 2603 935 2635 abjecto,
959 2602 1001 2634 C.,
1018 2601 1048 2629 S.
1068 2600 1167 2634 u.Mg.
1208 2599 1281 2633 14³)
1299 2598 1580 2633 pertranshenn,
1595 2597 1636 2631 C.,

381 2646 411 2675 S.
435 2656 464 2675 ιι.
486 2648 544 2683 Mg.
567 2649 658 2683 vergi.
679 2649 768 2683 Paph.
789 2650 898 2677 exies.
919 2647 1044 2682 (Reium.)
1084 2647 1129 2680 15)
1148 2646 1305 2681 Negare,
1324 2644 1364 2671 M.
1386 2652 1416 2672 u.
1438 2643 1470 2670 P.

1687 2500 1702 2551 ἰ

1684 2553 1699 2630 ἑ

1677 2783 1697 2930 ‘'⁶⁸⁶2‘-
