1702 2939
597 217 913 260 —197—

575 334 926 375 Calimachus.

63 405 212 446 Adhuc
241 417 322 444 non
351 404 517 458 repperi
547 404 800 444 occasionem
829 403 1045 453 irascendi,
1076 402 1188 457 quia,
1219 401 1315 456 quid
1344 413 1437 442 mea

61 475 103 514 in
132 476 173 514 te
203 475 302 526 agat
332 474 507 523 dilectio,
538 473 645 514 forte
677 473 886 513 erubescis
918 472 1050 513 fateri.

609 543 894 582 Drusiana.

61 612 172 653 Nihil
200 611 321 661 aliud,
351 611 430 651 nisi
458 611 792 664 indignationem.

578 679 923 720 Calimachus.

63 748 207 799 Credo,
238 752 280 789 te
310 749 415 789 hanc
445 749 690 790 sententiam
720 751 921 789 mutatum
948 749 1021 788 ire.

615 819 650 857 D
662 832 682 857 r
693 832 720 858 u
732 832 750 857 s
762 819 775 857 i
786 830 809 857 a
818 831 844 857 n
856 830 890 857 a.

62 887 155 928 Non
183 889 360 937 mutabo,
392 890 580 941 percerte
594 891 602 927 !
623 888 635 911 ¹
644 888 673 940 ¹)

572 955 602 996 C
614 957 661 995 al
673 956 684 994 i
696 969 736 994 m
748 968 771 995 a
784 968 805 995 c
816 955 843 994 h
854 969 881 994 u
893 968 923 994 s.

64 1014 201 1054 Forte.

610 1071 646 1109 D
658 1084 679 1110 r
691 1085 717 1110 u
730 1070 772 1110 si
784 1082 808 1109 a
819 1083 844 1109 n
857 1082 891 1109 a.

67 1139 100 1180 Ο
133 1140 341 1178 insensate
372 1141 414 1178 ct
453 1142 616 1179 amens!
659 1153 731 1179 cur
761 1139 948 1179 falleris?
990 1135 1073 1178 Cur
1111 1138 1153 1177 te
1192 1148 1326 1176 vacua
1365 1150 1440 1190 spe

67 1209 237 1248 illudis?
277 1207 367 1254 Quo
397 1210 536 1261 pacto,
576 1221 655 1261 qua
685 1208 890 1247 dementia
927 1207 1032 1247 reris
1069 1219 1134 1245 me
1163 1207 1260 1246 tuae
1291 1206 1440 1244 cedere

63 1278 302 1329 nugacitati,
335 1290 440 1329 quae
471 1291 545 1330 per
575 1278 747 1317 multum
776 1276 972 1330 temporis
1003 1288 1028 1316 a
1056 1275 1203 1329 legalis
1224 1275 1341 1314 thoro
1362 1274 1441 1314 viri

64 1359 128 1385 me
159 1346 366 1386 abstinui?

577 1402 927 1443 Calimachus

64 1473 145 1512 Pro
167 1472 216 1525 ¹²)
247 1470 368 1511 desim
383 1474 505 1525 atque
521 1473 728 1512 hominum
744 1473 887 1512 fidem!
918 1471 953 1510 si
982 1484 1064 1511 non
1095 1470 1338 1519 cessaveris,
1362 1470 1396 1496 ¹2
1408 1471 1443 1524 Β)

67 1555 148 1581 non
181 1542 399 1594 quiescam,
440 1555 522 1581 non
561 1542 766 1589 desistam,
808 1542 938 1581 donec
977 1542 1020 1581 te
1061 1540 1266 1594 captuosis
1287 1540 1336 1593 ¹³)
1368 1540 1444 1580 cir-

69 1611 324 1650 cumveniam
354 1611 521 1650 insidiis.

618 1725 897 1764 Drusiana.

70 1794 134 1834 Eh
178 1794 280 1834 heu!
321 1794 492 1834 Domine
534 1793 635 1834 Jesu
674 1793 847 1842 Christe,
894 1793 991 1845 quid
1034 1793 1204 1846 prodest
1248 1795 1447 1835 castitatis

70 1864 368 1916 professionem
399 1864 583 1912 subiisse,
626 1876 717 1902 cum
756 1863 790 1901 is
830 1875 970 1901 amens
1013 1875 1106 1901 mea
1147 1863 1345 1916 deceptus
1386 1866 1450 1904 est

76 1932 244 1985 specie?
276 1932 463 1981 Intende,
491 1932 676 1980 Domine,
707 1932 788 1970 mci
816 1931 1015 1979 timorem,
1036 1930 1085 1984 ¹4)
1116 1931 1296 1981 intende,
1329 1946 1450 1985 quem

71 2001 216 2054 patior,
235 2001 438 2040 dolorem!
471 2001 580 2046 Quid
610 2001 717 2048 mihi,
741 2001 837 2053 quid
869 2001 1076 2051 agendum
1107 2001 1170 2050 sit,
1203 2001 1359 2053 ignoro.
1406 2002 1450 2042 Si

72 2070 304 2122 prodidero,
338 2069 468 2108 civilis
498 2083 573 2122 per
603 2083 668 2108 me
699 2070 770 2109 fiet
801 2070 1025 2120 discordia3
1057 2069 1091 2108 si
1121 2070 1323 2118 celavero,
1353 2070 1449 2109 insi-

76 2138 151 2177 diis
184 2138 392 2178 diabolicis
431 2138 517 2176 sine
556 2141 596 2178 te
627 2138 832 2189 refragari
862 2150 1032 2189 nequeo.
1092 2137 1200 2177 Jube
1230 2151 1295 2177 me
1324 2139 1366 2177 in
1397 2141 1450 2188 te,

77 2205 251 2256 Christe,
284 2207 394 2246 ocius
425 2206 539 2255 mori,
571 2219 622 2245 ne
654 2207 747 2245 fiam
777 2207 818 2245 in
848 2207 1009 2245 ruinam
1040 2206 1217 2246 delicato
1244 2207 1406 2260 juveni!

573 2275 957 2315 Andronichus.

82 2342 171 2382 Vae
202 2343 301 2382 mihi
330 2343 604 2383 infortunato!
649 2343 718 2383 Ex
747 2344 955 2396 inproviso
976 2344 1026 2397 ¹5)
1065 2346 1225 2385 mortua
1254 2347 1318 2386 est
1346 2345 1451 2385 Dru-

78 2412 202 2452 siana.
263 2411 392 2452 Curro
424 2415 692 2465 sanctumque
724 2412 953 2452 Johannem
983 2414 1149 2454 advoco.

118 2572 162 2597 111
183 2573 333 2604 pcerte.
355 2571 531 2605 (procerte).
554 2571 614 2607 M.;
641 2578 694 2604 pro
714 2572 836 2604 certo,
857 2571 901 2605 C.,
927 2569 956 2599 S.
978 2571 1077 2605 u.Mg.
1101 2570 1216 2606 (Κεῖαι)
1257 2572 1300 2605 12]
1323 2570 1452 2605 Proch,

183 2617 234 2651 (λς
259 2617 586 2652 1‘1011‚P.‚S.n.?.zg.
630 2617 831 2651 121118111οη
855 2619 1123 2651 consenseris,
1149 2617 1179 2643 C.
1193 2625 1221 2644 u.
1239 2616 1268 2642 S.
1311 2617 1355 2652 13)
1377 2624 1452 2650 cap-

184 2665 317 2696 tiosis,
344 2663 386 2690 C..
409 2662 439 2688 S.
461 2672 488 2690 11.
512 2664 570 2697 Mg.
614 2664 658 2698 131)
681 2671 863 2696 amorem,
885 2663 927 2696 P.,
951 2663 982 2691 C.
1004 2672 1031 2688 11.
1053 2663 1083 2690 S.
1126 2664 1170 2698 15)
1193 2663 1452 2696 exinprovise,

187 2709 225 2737 M.
253 2709 402 2735 vielleicht
422 2710 680 2744 exinproviso.
718 2710 749 2737 P.
772 2709 892 2736 strcicht
913 2717 951 2737 ex
974 2709 1032 2736 und
1053 2711 1127 2736 setzt
1151 2709 1362 2744 inprovisa.
