1702 2939
607 260 895 305 ...67-

181 378 471 418 Abdrahemen
503 379 648 427 dictus,
679 380 800 430 regni
829 380 1048 433 splendore
1080 380 1294 433 superbuS,

103 443 167 485 75.
191 445 272 492 Qui
303 459 396 486 nam
427 447 669 487 christicolis
701 448 877 487 faciebat
906 462 1018 488 more
1049 450 1232 502 parentis

181 514 356 555 Librans
388 517 599 556 arbitrium
630 517 735 564 fidei,
768 530 891 569 supra
922 522 1200 567 memoratum,

177 583 265 623 Nec
295 586 394 623 satis
425 586 621 638 injustnm
652 586 774 625 solvit
806 586 958 638 pietate
991 587 1213 636 decretum,

177 653 332 692 Auctor
363 655 470 706 quod
503 655 682 703 sceleris,
714 655 930 707 populator
960 656 1142 707 perfidus
1172 657 1296 705 urbis,

177 721 335 769 Sanxst,
367 722 462 762 dum
492 737 635 775 regem
666 726 883 775 superaret
913 723 1049 763 Marte
1079 725 1253 765 fidelem.

91 788 155 830 80.
178 789 259 830 Sed
279 791 450 830 volvens
469 793 614 841 animo,
642 805 813 831 servans
832 805 993 844 quoque
1015 794 1137 832 corde
1162 794 1378 847 profundo,

179 858 350 912 Saepius
383 861 553 900 innocuo
585 861 804 900 madefecit
835 862 1035 913 sanguine
1067 875 1176 911 rura,

174 926 355 981 Corpora
382 931 588 982 justorum
619 943 860 969 consumens
891 934 1033 969 sancta
1062 931 1255 980 virorum,

178 996 261 1042 Qui
292 996 452 1038 Christo
484 999 628 1039 laudes
659 999 860 1038 ardebant
889 1012 1073 1052 pangere
1106 1000 1247 1039 dulces

170 1063 308 1118 Ipsius
340 1070 380 1106 et
411 1068 556 1107 stultos
587 1069 724 1108 verbis
757 1069 1064 1120 reprehendere
1097 1068 1228 1112 divos.

88 1132 152 1173 85.
174 1133 350 1188 Insuper
382 1138 423 1176 et
453 1139 566 1176 tanto
599 1137 708 1177 fast-u
737 1151 781 1176 se
807 1139 939 1190 jactat
968 1136 1009 1176 in
1041 1137 1146 1184 aula,

171 1202 393 1256 Sacrilegis
423 1207 590 1245 meritas
622 1206 832 1245 cumulans
863 1206 939 1244 sibi
970 1205 1145 1257 denique
1176 1218 1345 1259 poenas,

170 1272 225 1313 Ut
254 1286 395 1326 regem
426 1287 574 1327 regum
605 1278 735 1314 semet
766 1275 854 1314 sore
886 1275 1076 1314 erederet
1106 1275 1251 1327 ipsum,

222 1341 324 1395 Ejus
356 1347 397 1381 et
426 1344 595 1396 imperio
627 1347 774 1396 gentes
806 1357 945 1384 omnes
977 1343 1076 1382 dare
1108 1343 1224 1391 colla,

172 1409 312 1452 Ullum
341 1425 418 1451 nec
449 1414 564 1451 tanta
594 1414 788 1466 populum
820 1413 984 1452 feritate
1014 1412 1227 1461 refertum,

83 1476 148 1518 90.
171 1478 252 1524 Qui
282 1484 484 1534 temptare
516 1495 611 1520 suas
643 1482 814 1521 auderet
844 1481 979 1520 Marte
1011 1483 1214 1521 catervas.

224 1548 330 1588 Dum
358 1550 506 1589 tumuit
533 1551 643 1589 fastu
674 1551 781 1590 licito
809 1550 1032 1603 jactantius
1061 1552 1151 1599 isto,

167 1618 319 1667 Audiit,
351 1619 445 1657 inde
475 1619 574 1659 locis
606 1623 772 1670 gentem
803 1619 958 1670 degere
987 1619 1165 1668 remotis,

171 1685 345 1726 Gallicia
375 1688 543 1739 regione
573 1689 692 1727 sitam
721 1688 911 1739 belloque
941 1690 1172 1741 superbam,

165 1753 315 1795 Christi
347 1757 558 1796 cultricem
587 1758 975 1808 simulacrorumque
1005 1757 1214 1802 rebellem,

81 1822 147 1864 95.
169 1823 295 1870 Quae
318 1838 392 1864 sua
423 1827 612 1865 continuo
644 1828 864 1878 temptaret
895 1839 1093 1879 spernere
1119 1827 1228 1878 jura,

164 1893 286 1933 Velle
318 1908 476 1947 negans
509 1896 678 1935 dominis
709 1895 802 1935 olim
834 1895 920 1934 fore
953 1894 1115 1934 subdita
1146 1894 1295 1946 pravis.

168 1962 271 2012 Quo,
303 1977 391 2012 rex,
424 1968 642 2017 comperto,
676 1965 866 2003 fervebat
898 1963 1106 2002 daemonis
1139 1962 1214 2012 ira,

167 2029 299 2072 Corde
331 2047 482 2084 gerens
512 2039 698 2073 veterem
729 2033 933 2085 serpentis
966 2032 1142 2083 denique
1172 2031 1306 2079 bilem,

166 2100 453 2154 Volvebatque
487 2102 555 2141 diu
584 2103 788 2142 flammato
820 2102 1000 2141 dedecus
1029 2103 1135 2149 ast-1,

56 2166 145 2208 100.
169 2168 277 2214 Quid
307 2171 462 2210 faceret
492 2173 629 2219 tantis,
659 2172 791 2211 animo
824 2174 1017 2217 tractans,
1049 2168 1232 2208 inimicis.

167 2237 361 2287 Tandem,
392 2253 539 2292 nempe
571 2240 662 2279 dolo
695 2240 851 2279 eunctis
875 2240 961 2292 jam
991 2239 1097 2278 forte
1129 2239 1299 2283 retecto,

166 2307 328 2346 Affatur
360 2322 553 2360 proceres
584 2309 824 2362 praedivitis
857 2308 970 2347 urbis
999 2307 1163 2356 heriles,

168 2374 283 2415 Talia
311 2377 509 2429 pestifero
541 2378 729 2417 latrando
759 2377 930 2416 verbula
960 2378 1114 2416 rostroz

166 2443 283 2492 „Non
312 2445 423 2494 latet,
455 2447 622 2499 imperio
653 2460 777 2498 reges
809 2447 1034 2485 succubere
1066 2446 1218 2491 nostro,

57 2507 148 2550 105.
170 2511 349 2559 „Vivere
379 2518 612 2555 nostrarum
642 2529 800 2556 necnon
831 2514 1106 2555 moderamine
1136 2513 1276 2564 legum

89 2692 132 2720 86.
155 2691 399 2729 Sacrilegus,
423 2694 452 2724 C,
470 2706 496 2723 u.
511 2696 540 2727 S,
581 2698 624 2725 92.
646 2697 826 2732 degerere
847 2698 984 2731 motin,
1003 2695 1063 2728 M.;
1083 2694 1113 2721 P.
1132 2690 1425 2720 seutstattdesnus·

161 2740 365 2772 gean-ichemu
389 2741 527 2776 degerere
547 2744 771 2777 procedere.
806 2743 863 2771 104.
884 2743 1143 2771 succumbere
1158 2760 1165 2773 ,
1187 2739 1218 2765 C.
1239 2747 1267 2766 u.
1289 2737 1319 2764 S.

1083 2777 1149 2818 ὃ*
