1702 2939
601 206 915 249 -217—

70 379 177 425 Quid
209 381 378 418 vocatur
392 380 411 419 5>
633 323 668 362 E
680 337 705 376 p
720 323 770 362 hl
790 337 811 362 e
825 338 874 363 m·

165 494 172 501 ·
614 437 652 477 A
662 439 687 477 b
701 451 721 476 r
734 451 756 476 a
766 438 791 477 h
804 450 826 477 a
838 452 887 477 m.

68 493 210 533 Maria.
640 551 674 590 E
686 566 710 604 p
724 553 749 591 h
760 566 780 592 r
795 566 815 591 e
827 566 877 591 m,

66 620 131 660 Ita
160 620 253 659 est?
286 619 406 659 Tanti
437 620 724 661 excellentiam
753 621 926 661 nominis
958 622 1077 661 decet
1107 626 1277 661 stemma
1308 621 1432 674 virg-i-

69 688 217 727 nitatis.

620 746 889 786 Abraham.

74 813 167 853 Non
200 814 350 863 diffido,
393 815 500 866 quin,
541 816 575 854 si
604 816 754 855 nostris
785 817 967 856 suaviter
998 816 1264 857 hortamentis
1295 830 1442 869 provo-

76 887 202 932 cetur,
235 883 286 922 ad
319 884 546 923 cedendum
576 885 706 923 facilis
739 886 989 937 experiatur.

636 964 876 1017 Ephrem.

70 1031 326 1072 Accedamus
368 1033 538 1086 ejusque
571 1033 808 1085 cogitationi
845 1034 1009 1074 coelibis
1042 1034 1304 1074 securitatem
1333 1033 1444 1073 vitae

70 1100 327 1141 instillemus.

622 1227 894 1266 Abraham.

75 1294 109 1335 O
143 1295 334 1347 adoptiva
355 1295 403 1346 ¹⁰)
435 1295 527 1343 filia,
561 1310 581 1335 0
614 1309 709 1348 pars
742 1297 912 1344 animae,
933 1297 981 1349 ¹¹)
1012 1296 1163 1343 Maria,
1206 1296 1305 1334 cede
1345 1295 1446 1334 meis

12 1387 17 1394 ·
74 1364 257 1416 paternis
297 1364 584 1404 monitionibus
625 1365 785 1417 meique
821 1365 1019 1417 comparis
1050 1365 1232 1417 Ephrem
1264 1364 1446 1402 saluber-

74 1432 184 1471 rimis
229 1432 569 1472 institutionibus:
602 1434 777 1482 enitere,
825 1436 870 1473 ut
911 1434 1133 1472 auctricem
1181 1433 1445 1483 virginitatis,

73 1515 193 1554 quam
220 1502 443 1554 aequivoco
465 1503 707 1555 aequiperas
728 1503 777 1555 ¹2)
804 1502 978 1550 nomine,
1000 1501 1169 1540 imiteris
1187 1504 1227 1540 et
1249 1501 1449 1540 castitate.

639 1582 709 1635 Ep
723 1583 749 1620 h
762 1596 874 1621 rem.

73 1650 249 1690 Multum
297 1651 563 1698 disconvenit,
605 1652 699 1699 filia,
737 1656 802 1699 ut,
845 1664 948 1703 quae
995 1664 1085 1689 cum
1128 1649 1205 1688 Dei
1250 1648 1450 1700 genitrice

74 1719 209 1758 Maria
239 1734 314 1773 per
344 1720 585 1772 mysterium
623 1720 795 1759 nominis
827 1719 1056 1772 praemines
1078 1719 1126 1770 13)
1157 1718 1197 1756 in
1229 1730 1320 1765 axe,
1342 1717 1450 1756 inter

76 1788 213 1827 sidera
244 1802 463 1841 numquam
495 1801 651 1837 casura,
693 1789 861 1827 inferior
899 1788 1055 1827 meritis
1097 1787 1137 1825 in
1169 1789 1304 1825 terrae
1335 1786 1449 1824 volu-

75 1859 138 1896 tes
168 1857 324 1897 infimis.

673 1914 718 1953 M
731 1927 751 1953 a
765 1928 784 1953 r
797 1915 807 1953 i
821 1927 854 1953 a.

76 1982 320 2035 Mysterium
350 1982 522 2021 nominis
552 1982 709 2034 ignoro,
751 1983 871 2031 unde,
911 1982 1007 2035 quid
1038 1981 1274 2021 circuitione
1305 1980 1451 2018 verbo-

78 2065 167 2090 rum
198 2052 416 2103 significes,
448 2051 547 2090 haut
577 2051 786 2103 intellego.

647 2130 682 2169 E
694 2145 719 2183 p
733 2132 759 2169 h
771 2145 790 2169 r
801 2145 822 2169 e
833 2145 883 2170 m.

80 2199 212 2240 Maria
243 2201 540 2252 interpretatur
572 2200 733 2238 stella
762 2213 802 2238 m
814 2212 836 2238 a
848 2200 922 2238 ris
935 2230 944 2247 ‚
978 2198 1086 2237 circa
1119 2210 1239 2250 quam
1256 2196 1453 2236 videlicet

81 2270 214 2309 fertur
244 2269 420 2308 mundus
452 2270 492 2308 et
522 2271 693 2308 vocatur
723 2269 910 2320 populus.

678 2347 722 2386 M
734 2361 756 2386 a
770 2361 790 2386 r
804 2348 816 2386 i
828 2360 861 2386 a.

83 2415 163 2456 Cur
193 2416 355 2456 maris
386 2417 556 2456 stella
588 2416 765 2456 dicitur?

122 2586 167 2620 10)
189 2586 440 2620 adoptatitia,
477 2586 556 2620 Mg.;
589 2585 628 2611 M.
661 2585 711 2611 hat
744 2584 825 2610 nicht
851 2585 1010 2618 adoptstia,
1042 2593 1066 2612 s.
1097 2584 1156 2619 Mg.
1185 2591 1212 2618 p.
1238 2582 1299 2610 ΨΜ.
1333 2582 1415 2608 Amn.
1430 2582 1456 2607 b.

191 2633 234 2665 ΙΙ)
257 2639 273 2656 o
294 2639 400 2656 meae
421 2640 489 2665 pars
508 2633 632 2657 animae.
655 2631 696 2663 C.,
718 2630 746 2656 S.
771 2639 799 2658 u.
821 2631 880 2665 Mg.
923 2628 1456 2665 12)aeq1=iparas‚C.7S.u.Mg.

190 2678 236 2710 13)
257 2678 521 2713 praeemines,
546 2678 588 2711 C„
608 2677 637 2704 S.
659 2686 687 2704 u.
708 2677 768 2711 Mg.
