1702 2939
76 358 169 400 340.

76 1043 170 1084 350.

78 1383 171 1424 355.

80 1723 176 1767 360.

84 2405 178 2447 370.

612 245 927 288 -129-

191 360 387 400 Reddens
419 362 638 411 viventem,
671 375 790 414 quem
822 364 1013 403 sorbebat
1044 364 1293 404 morientem.

191 430 357 469 Scilicet
387 433 569 469 astantes
601 431 743 469 animis
777 431 1017 471 mirantibus
1050 446 1190 472 omnes

192 499 358 537 Tollunt
388 499 428 537 in
460 499 618 537 coelum
648 500 745 538 lacti
776 500 995 552 praeconia
1026 501 1203 549 lauduni,

190 566 424 606 Laudantes
457 570 642 606 sanctum
672 568 832 606 Domini
862 582 1009 607 nomen
1040 570 1309 609 benedictum.

191 635 280 674 Hoc
310 637 383 674 vix
413 636 637 688 pontifices,
671 636 829 674 crudeli
861 638 984 675 corde
1018 638 1213 685 ferentes,

163 735 169 741 .
196 701 462 742 Commovere
495 704 657 754 quidem
689 717 767 742 non
799 717 968 756 parvam
1000 706 1253 754 seditionem,

191 771 353 823 Agnem
384 772 640 823 sacrilegam,
673 772 867 821 dicentes,
901 776 942 812 ct
973 774 1220 812 scelerosam

191 840 331 879 Occidi
362 841 504 892 poenis
536 841 655 878 citius
687 841 838 879 debere
871 842 1063 889 cruentis,

190 908 306 947 Illius
339 921 462 947 causa
496 909 590 960 quia
623 911 899 961 contemptum
931 911 1148 948 simulacra

191 976 426 1028 Cunctaque
459 989 668 1016 sacrorum
698 979 941 1029 paterentur
967 980 1062 1030 jura
1095 992 1271 1017 suorum.

192 1045 298 1083 Hinc
328 1058 508 1097 praeses,
540 1048 720 1084 moestus
752 1043 914 1085 turbato
944 1049 1112 1098 pectore
1142 1048 1287 1095 factus,

192 1112 409 1152 Condoluit
440 1126 582 1152 sacrae
614 1114 797 1152 subtristi
827 1117 964 1153 mente
995 1116 1170 1167 puellae,

190 1180 363 1232 Ignorat
393 1184 542 1228 tamen,
573 1182 734 1221 omnino
767 1182 914 1221 dubius
946 1196 1070 1234 super
1101 1183 1182 1230 illa,

191 1248 299 1294 Quid
331 1249 405 1288 sibi
436 1250 686 1298 sectandum,
717 1252 785 1289 vel
817 1251 913 1301 quid
944 1253 1122 1289 restaret
1152 1250 1385 1301 agendum3

190 1317 372 1356 Perdere
403 1331 482 1356 non
513 1319 677 1370 placuit,
709 1319 781 1357 sed
811 1332 888 1357 nec
919 1319 1144 1357 defendere
1176 1319 1315 1370 quivit.

194 1385 378 1424 Tandem
409 1386 597 1424 discessit
628 1399 816 1425 moerens
848 1387 1052 1437 aliumque
1082 1386 1261 1437 reliquit,

193 1454 348 1492 Judicis
380 1455 512 1493 officio
545 1455 729 1492 functum
761 1455 923 1493 feritate
954 1454 1105 1506 lupina,

189 1522 269 1566 Qui
299 1522 376 1560 fuit
407 1522 606 1574 Aspasius
639 1523 772 1561 dictus
803 1523 966 1573 rituque
997 1523 1204 1574 profanus,

195 1590 275 1634 Qui
305 1590 409 1628 citus
440 1590 646 1640 Agnetem
676 1591 804 1643 proici
834 1591 1045 1642 praecepit
1074 1590 1115 1628 in
1147 1590 1297 1640 ignem,

193 1657 435 1696 Pontificum
464 1659 570 1696 votis
601 1660 706 1697 male
738 1659 1020 1697 concordando
1051 1657 1253 1707 malignis.

200 1726 280 1764 Sed
312 1739 459 1778 corpus
492 1729 650 1765 castum
681 1728 793 1765 nulla
824 1727 873 1764 de
906 1726 1026 1764 sorde
1059 1725 1263 1776 piandum,

194 1793 330 1833 Ardor
362 1795 538 1833 carnalis
570 1795 677 1846 quod
708 1808 787 1833 non
819 1794 1031 1832 succendit
1062 1792 1221 1838 amoris,

194 1862 310 1914 Ignis
343 1876 422 1901 non
454 1863 573 1901 laesit
604 1876 813 1915 praesens,
845 1875 921 1900 nec
953 1864 1125 1912 tangere
1158 1859 1299 1911 quivit.

195 1931 392 1982 Denique,
425 1931 580 1969 divisae
613 1931 749 1969 divino
780 1930 956 1977 numine,
988 1929 1173 1967 flammae

196 1999 405 2049 Virgineis
437 1999 620 2037 tribuere
651 2000 784 2037 locum
815 1998 1006 2050 precibus
1038 1996 1275 2048 spatiosum,

169 2068 256 2106 .Ac
287 2070 614 2120 prorumpentes,
647 2069 765 2105 aestu
796 2065 1000 2116 nimioque
1032 2065 1219 2102 furentes

195 2136 380 2174 Perdunt
411 2136 634 2183 carnifices,
666 2135 822 2173 urendo
854 2133 1041 2185 primitus
1073 2143 1236 2178 omnes3

197 2203 304 2242 Hinc
336 2204 665 2242 circumstantem
696 2203 923 2240 lambentes
956 2199 1135 2250 undique
1166 2198 1330 2249 plebem

197 2271 469 2317 Incredulam,
500 2272 641 2323 plures
672 2270 820 2322 raptim
851 2272 1038 2307 stravere
1069 2267 1309 2320 phalanges,

199 2339 295 2378 Sola
326 2340 399 2378 sed
429 2339 605 2378 inmunis
637 2340 773 2378 stabat
803 2337 870 2389 pia
899 2337 1017 2387 virgo
1050 2334 1209 2382 caloris,

204 2407 319 2446 Inter
350 2408 603 2446 flammarum
636 2407 769 2445 crines
800 2405 947 2443 ludens
979 2403 1242 2455 crepitantes,

199 2475 424 2528 Oravitque
452 2476 584 2514 Deum
617 2474 750 2515 versis
781 2473 833 2512 ad
863 2472 1000 2511 sidera
1028 2470 1186 2525 palmis,

119 2641 178 2672 340.
199 2645 337 2671 sorbebat
362 2647 605 2679 mouentem,
635 2642 693 2679 M.;
715 2641 746 2669 P.
769 2641 906 2676 corrigirt
932 2642 960 2667 in
985 2639 1225 2666 morientem.
1264 2636 1326 2666 365.
1347 2634 1460 2662 nimio

206 2690 402 2725 furentes,
422 2690 453 2717 C.
490 2691 552 2720 358.
574 2691 771 2724 faingens,
794 2687 854 2723 Μ,;
885 2687 1085 2721 falangas,
1115 2685 1147 2713 P.

1158 2720 1183 2762 9
