1702 2939
791 195 1106 239 -236-

833 311 867 351 E
880 326 906 365 p
918 312 944 352 h
955 326 975 352 r
985 325 1007 352 e
1017 326 1066 352 m.

265 367 380 408 Solet
410 368 509 409 fieri.

809 426 1077 466 Abraham.

264 492 461 533 Elaborat
500 507 573 546 pro
614 493 789 542 viribus,
830 498 896 541 ut,
936 495 1082 547 quibus
1125 507 1249 535 causa
1279 495 1354 535 fuit
1383 495 1632 549 perditionis,

268 562 340 601 fiat
370 562 602 615 exemplum
634 563 922 602 conversionis.

828 630 863 670 E
874 645 898 684 p
914 632 938 670 h
951 644 971 670 r
985 644 1006 670 e
1020 645 1068 670 m.

273 685 537 740 Consequens
569 690 641 727 est.

811 745 846 784 A
857 745 882 784 b
894 758 915 783 r
924 757 947 784 a
958 746 982 784 h
997 757 1019 784 a
1031 759 1080 785 m.

264 812 430 861 Nititur,
448 815 503 860 ut,
521 815 671 865 quanto
703 813 838 853 extitit
868 814 1024 853 foedior
1035 845 1044 862 ,
1076 816 1191 854 tanto
1222 816 1421 867 appareat
1448 813 1625 860 nitidior.

828 880 862 920 E
873 895 898 934 p
912 882 935 920 h
949 895 969 921 r
979 895 1000 921 e
1011 896 1062 923 m.

266 949 291 990 J
295 950 473 988 ocundor
481 949 534 1002 ⁶⁵)
548 949 748 989 audiendo
761 951 1110 1003 praecordialique
1123 950 1161 975 ⁶⁵
1171 951 1346 1004 ⁸)1aet0r
1357 950 1629 1003 gaudimonio.

817 1020 853 1058 A
866 1020 889 1058 b
899 1032 919 1058 1·
931 1031 954 1058 a
966 1020 989 1058 h
1001 1031 1023 1058 a
1034 1033 1083 1058 m.

267 1086 321 1126 Et
351 1087 514 1135 nicrit03
546 1099 639 1125 nam
669 1087 897 1139 phalanges
928 1088 1140 1139 angelicae
1171 1087 1398 1140 gaudentes
1418 1087 1633 1128 Dominum

268 1155 439 1194 laudant
469 1168 593 1207 super
623 1155 850 1207 peccatoris
882 1156 1160 1195 conversione.

837 1222 1075 1276 Ephrem.

271 1291 359 1331 Neo
389 1291 562 1341 mirum3
606 1291 757 1331 nullius
793 1305 966 1343 namque
994 1292 1095 1343 justi
1125 1292 1256 1344 magis
1287 1291 1516 1332 delectatur
1544 1305 1636 1345 per-

270 1360 516 1408 severantia,
549 1372 669 1412 quam
699 1360 809 1413 impii
840 1360 1101 1412 poenitentia.

816 1428 1088 1467 Abraham.

270 1496 388 1537 Unde
420 1497 460 1535 in
491 1497 560 1535 illa
591 1499 703 1536 tanto
729 1496 880 1548 justius
909 1496 1112 1544 laudatur,
1145 1498 1294 1548 quanto
1324 1495 1434 1535 ultra
1455 1495 1641 1550 resipisci

269 1578 389 1618 posse
423 1565 730 1617 desperabatur.

834 1632 1072 1686 Ephrem.

276 1699 621 1753 congratulantes
661 1702 893 1748 laudemus,
935 1701 1147 1741 laudantes
1187 1700 1460 1752 glorificemus
1497 1700 1640 1753 unige-

275 1770 406 1808 nitum
438 1773 479 1808 et
509 1771 798 1818 venerabilem,
831 1769 1022 1808 dilectum
1052 1773 1094 1809 et
1123 1770 1366 1809 clementem
1394 1768 1471 1808 Dei
1500 1768 1640 1818 filium,

274 1838 342 1889 qui
373 1851 451 1877 non
483 1838 573 1877 vult
603 1838 750 1890 perire,
783 1851 883 1889 quos
915 1837 977 1876 sui
1008 1849 1124 1877 sacro
1155 1837 1328 1877 redemit
1357 1836 1570 1888 sanguine.

818 1906 1093 1945 Abraham.

274 1973 360 2026 Ipsi
389 1973 528 2021 honor,
559 1972 700 2024 gloria,
729 1973 816 2011 laus
831 1973 888 2024 ⁶⁰)
919 1976 960 2012 ct
985 1973 1171 2026 jubilatio
1198 1986 1272 2026 per
1287 1972 1443 2012 infinita
1460 1973 1639 2013 saecula.

277 2042 421 2081 Amen.

310 2197 604 2233 ὁόζιᾶοειιηᾱὶοπ,
635 2197 1000 2232 c.;Jneun‹110r‚S.
1039 2199 1116 2227 6520
1141 2197 1329 2224 audiendo
1357 2204 1504 2231 precor,
1533 2197 1642 2224 diali-

375 2252 443 2277 que
461 2246 524 2276 ete„
540 2243 571 2269 C.
591 2252 621 2269 u.
638 2242 686 2275 S.;
707 2243 926 2278 praecordialis,
947 2244 1038 2279 vergi.
1059 2244 1120 2271 Cafl.
1139 2243 1170 2272 S.
1192 2244 1252 2272 195.
1272 2242 1354 2269 Zeile
1373 2242 1390 2270 4
1408 2251 1435 2269 v.
1456 2245 1558 2270 umen.
1593 2243 1644 2279 66)

376 2289 470 2323 laus,
491 2288 565 2315 fehlt
584 2290 613 2315 in
635 2288 666 2315 C.
687 2297 716 2317 u.
738 2288 768 2317 S.
