1702 2939
782 221 1096 263 -198—

794 337 1081 377 Johanneffi

256 406 338 447 Cur
367 406 532 446 nimium
559 406 824 453 contristaris,
852 406 1117 445 Andronico?
1150 402 1232 446 Cur
1251 405 1382 445 fluunt
1399 403 1630 445 lacrimae?

746 474 1137 514 Andronichus.

254 542 360 592 Heu,
391 543 493 584 heu!
525 542 698 591 domine,
728 543 872 582 taedeo
904 543 1013 582 vitae
1045 541 1244 596 propriae.

798 610 1087 651 Johannea

260 669 371 715 Quid
402 670 557 722 pateris
571 670 591 708 Ρ

752 723 1023 765 Andronic
1038 725 1140 765 hus.

259 783 474 832 Drusiana,
505 783 564 823 tui
595 782 776 822 assecla.
795 813 802 821 .
820 813 827 822 .

796 839 1086 879 Johannoa

259 907 391 948 Estne
423 908 584 949 homine
604 907 654 960 ¹⁶)
685 910 842 947 exuta?

756 976 1145 1016 Andronichus.

259 1034 389 1073 Hem!
421 1038 494 1073 est.

806 1090 1094 1130 Johannes

268 1159 443 1199 Multum
463 1158 730 1207 disconvenit,
761 1162 807 1198 ut
835 1172 909 1212 pro
926 1159 987 1198 his
1006 1160 1229 1200 fundantur
1243 1159 1446 1211 lacrimae,
1464 1174 1634 1214 quorum

259 1228 414 1267 animas
446 1227 649 1267 credimus
680 1227 826 1266 laetari
856 1227 896 1266 in
926 1228 1080 1280 requie.

751 1295 1146 1335 Androniehus.

264 1365 356 1405 Non
389 1365 568 1404 dubitem
609 1365 715 1413 licet,
757 1365 866 1416 quin,
907 1367 952 1404 ut
992 1365 1154 1413 asseris,
1196 1365 1329 1404 anima
1369 1366 1633 1406 aeternaliter

263 1434 441 1474 laetetur
483 1447 712 1486 corpusque
755 1433 997 1485 quandoque
1036 1433 1314 1486 incorruptum
1351 1435 1632 1484 resuscitetur,

263 1502 339 1541 hoe
370 1505 507 1541 tamen
538 1515 602 1540 me
620 1502 889 1542 vehementer
920 1502 1067 1550 exurit,
1100 1503 1205 1554 quod
1233 1502 1320 1555 ipsa
1335 1516 1398 1542 me
1415 1507 1632 1556 praesente

260 1575 445 1619 mortem,
477 1572 521 1610 ut
550 1571 777 1619 adveniret,
809 1571 984 1623 optando
1016 1571 1213 1610 invitavit.

810 1639 1094 1679 Johannca

259 1707 522 1760 Agnox²istin'
543 1707 596 1758 ¹⁷)
627 1709 822 1747 eausam?

748 1777 1144 1816 Andronichus.

266 1845 444 1896 Agnovi‚
477 1844 629 1897 tibique
661 1845 886 1893 enucleam,
908 1845 941 1884 si
968 1845 1128 1897 quando
1159 1858 1213 1884 ex
1241 1844 1406 1885 tristitia
1434 1845 1511 1884 hae
1541 1857 1633 1884 eon-

259 1915 478 1952 valescam.

797 1969 1087 2009 Johannea

261 2038 517 2079 Accedamus
549 2036 829 2090 exequiasque
861 2038 1081 2089 diligenter
1110 2039 1377 2078 celebremus.

754 2107 1153 2146 Androniehus.

261 2175 540 2215 Marmoreum
569 2175 609 2214 in
641 2175 824 2228 proximo
853 2175 1117 2228 sepulchrum
1147 2176 1330 2224 habetur,
1361 2174 1403 2213 in
1433 2173 1542 2226 quod
1571 2175 1633 2214 sur

260 2258 337 2283 nus
367 2247 554 2296 ponatur,
586 2243 862 2295 servandique
909 2255 1008 2282 eura
1049 2244 1255 2297 sepulchri
1284 2243 1509 2283 Fortunato
1541 2256 1632 2282 nos-

265 2318 328 2353 tro
360 2312 616 2364 relinquatur
647 2311 913 2365 procuratori,

797 2380 1085 2419 Johannes

259 2449 400 2495 Decet,
440 2452 485 2487 ut
524 2448 749 2488 tumuletur
779 2448 1011 2488 honorifice.
1071 2449 1183 2487 Deus
1224 2447 1418 2487 laetificet
1458 2447 1632 2487 animam

260 2519 299 2557 in
331 2517 484 2570 requie.

297 2687 344 2720 16)
363 2685 565 2719 hominen,
585 2684 615 2712 C.
639 2692 665 2710 u.
687 2683 717 2711 S.
757 2685 803 2719 17]
823 2683 1033 2719 Agnostin',
1054 2683 1086 2712 C.
1108 2691 1135 2710 u.
1155 2683 1187 2711 S.
