1702 2939
607 218 924 260 -181—

656 335 876 374 Milites.

87 393 250 434 Vacant
280 393 452 447 hymnis.

617 450 652 489 D
666 450 717 489 ul
730 450 775 489 ei
788 449 825 489 ti
837 463 863 489 u
876 463 906 488 s.

86 521 345 562 Accedamus
374 519 553 573 propius.

656 587 701 627 M
712 589 724 627 i
736 588 748 627 1
758 588 771 627 i
783 590 799 627 t
812 601 833 627 e
845 601 875 627 s.

82 658 281 698 Tinnulac
313 658 489 698 sonitum
518 658 631 697 vocis
663 670 686 696 a
716 658 839 708 lenge
871 657 1093 696 audiemus.
1113 655 1164 709 16)

617 727 906 766 Dulcitius

81 796 310 836 Observata
341 810 414 849 pro
456 796 610 835 foribus
652 809 743 835 eum
774 795 964 843 lucernis,
998 808 1075 846 ego
1112 795 1250 834 autem
1289 793 1450 833 intrabo

81 868 122 906 et
151 866 220 906 vel
250 866 397 919 optatis
428 866 683 918 amplexibus
714 878 778 903 me
809 865 1012 903 saturabo.

655 934 699 973 M
713 935 726 973 i
738 934 774 972 li
787 936 802 973 t
815 948 836 972 e
850 947 880 972 s,

81 1003 210 1052 Intra,
241 1003 594 1057 praestolabimur.

670 1141 709 1180 A
721 1155 748 1192 g
760 1153 783 1180 a
794 1155 819 1194 p
833 1154 866 1180 e.

83 1209 193 1257 Quid
223 1212 380 1263 strepat
409 1223 483 1264 pro
503 1209 554 1263 1⁷)
585 1210 768 1250 foribus?

658 1278 699 1317 H
711 1279 723 1317 i
735 1293 754 1317 r
768 1293 789 1317 e
802 1292 828 1317 n
842 1291 876 1317 a.

84 1348 240 1388 Infelix
269 1348 472 1388 Dulcitius
503 1348 744 1400 ingreditur.

647 1415 676 1456 C
688 1417 714 1455 h
726 1416 739 1454 i
752 1429 772 1455 0
785 1415 835 1454 ni
848 1428 882 1455 a.

82 1475 193 1515 Deus
225 1488 299 1515 nos
331 1477 495 1515 tueatur
510 1477 518 1514 !

669 1531 707 1570 A
721 1545 749 1582 g
761 1543 783 1569 a
794 1544 819 1583 p
833 1543 866 1570 e.

82 1590 226 1631 Amen.

643 1645 673 1685 C
685 1647 711 1685 h
724 1646 737 1684 i
750 1659 770 1685 o
784 1645 879 1684 nia.

79 1716 188 1763 Quid
219 1716 295 1755 sibi
324 1716 414 1756 vult
431 1715 583 1755 collisio
615 1716 798 1762 ollarum,
818 1715 1085 1754 caccaborum
1107 1714 1148 1753 et
1164 1711 1420 1764 sartaginum
1435 1712 1456 1751 Ρ

656 1784 697 1823 Η
711 1785 723 1823 i
736 1798 756 1822 r
769 1798 790 1822 e
804 1797 829 1822 n
843 1796 877 1822 a.

82 1854 296 1894 Lustrabo.
340 1854 550 1902 Aceedite,
583 1866 746 1906 quaeso,
776 1866 851 1905 per
881 1851 1048 1891 rimulas
1079 1850 1300 1904 perspicite
1313 1852 1322 1889 !

667 1922 705 1961 A
718 1936 745 1974 g
757 1935 779 1960 a
792 1936 816 1974 p
831 1935 864 1961 e.

80 1981 189 2028 Quid
222 1981 315 2020 est?

660 2036 699 2075 H
710 2037 721 2075 i
733 2050 753 2075 r
767 2050 787 2075 e
800 2050 826 2075 n
841 2049 874 2075 a.

78 2107 199 2156 Eece,
230 2107 307 2146 istc
339 2107 500 2155 stultus,
517 2108 653 2146 mente
671 2106 884 2153 alienatus,
907 2104 1108 2154 aestimat,
1126 2117 1171 2143 se
1200 2102 1352 2143 nostris
1372 2103 1423 2156 18)

80 2177 139 2216 uti
170 2176 438 2229 amplexibus.

83 2290 192 2336 Quid
224 2291 352 2330 facit?
669 2231 862 2284 Aoape.

617 2345 625 2351 “
658 2346 875 2385 Hireua.

81 2418 200 2456 Nunc
233 2418 333 2456 ollas
365 2416 475 2455 molli
506 2416 619 2454 fovet
649 2415 816 2465 ἔζη-11110,
839 2428 948 2454 nunc
978 2414 1210 2466 sartagines
1242 2415 1284 2454 et
1315 2426 1455 2454 caeca-

83 2488 153 2526 bos
186 2486 460 2539 amplectitur,
492 2485 604 2524 mitia
635 2485 765 2523 libans
798 2485 946 2524 escula.

122 2646 166 2678 16]
190 2644 375 2676 audinum.
399 2643 429 2670 C.
454 2651 484 2668 u.
502 2643 530 2669 S.
573 2644 617 2678 17)
641 2642 717 2669 Quid
739 2642 888 2679 strepit
907 2651 994 2679 prae
1016 2643 1145 2679 foribus,
1178 2644 1210 2672 C.
1232 2652 1260 2670 u.
1283 2642 1313 2670 S.
1355 2642 1400 2678 18)
1423 2649 1456 2668 se

190 2691 232 2718 uti
254 2691 372 2726 nostris:
396 2689 425 2715 C.
447 2697 474 2718 ιι,
500 2688 529 2719 S.
