1702 2939
579 231 895 274 —159—

627 348 839 388 Paulus.

54 407 87 449 Ο
118 409 158 447 te
188 406 261 446 tali
291 405 478 459 opinione
510 406 692 445 felicem!
723 406 841 445 Nune
874 407 1038 446 testaris
1070 410 1111 446 te
1140 420 1285 446 verum
1316 407 1422 447 chri·

54 476 246 516 stioolam.

543 588 944 629 Constantinus.

55 647 256 694 Admiror,
289 660 310 685 0
339 647 510 694 milites,
553 660 625 686 cur
657 646 894 686 Gallicanus
926 652 1008 685 tam
1039 647 1107 686 diu
1138 660 1182 686 se
1215 647 1428 687 subtrahat

55 717 204 756 nostris
233 716 528 768 conspectibus.

631 784 850 824 Milites.

56 842 111 883 Ut
140 843 283 881 urbem
312 842 492 889 intravit,
525 855 714 893 gressum
754 843 806 880 ad
837 843 1000 881 domum
1030 842 1160 881 sancti
1190 843 1304 881 Petri
1335 855 1428 881 con-

59 911 135 950 cite
167 911 350 959 tetendit,
383 914 698 962 terratenusque
729 914 959 963 prostratus
990 925 1063 964 pro
1102 914 1270 964 recepta
1300 911 1428 950 vieto-

57 980 118 1019 ria
149 982 290 1031 grates
321 979 517 1032 impendit
546 980 793 1018 Altithrono.

537 1046 942 1088 Constantinus.

60 1103 330 1145 Gallicanus?

637 1162 853 1202 Milites.

58 1219 166 1272 Ipse.

543 1276 946 1317 Constantinus.

24 1383 27 1385 ι
59 1334 317 1373 Incredibile.

636 1391 858 1430 Milites

60 1447 135 1498 En,
169 1448 338 1487 aec-edit.
397 1448 539 1500 Ipsum
568 1453 685 1501 potes
717 1448 925 1487 sciscitari.

552 1562 956 1602 Constantinus.

61 1620 140 1660 Diu
170 1622 210 1660 te
221 1652 229 1667 ‚
263 1618 294 1659 G
303 1620 474 1659 allicane
486 1651 495 1669 ‚
539 1620 729 1667 sustinui,
774 1622 820 1659 ut
849 1620 1013 1659 modum
1043 1619 1279 1671 exitumque
1311 1631 1436 1671 expe-

61 1689 167 1728 rirer
196 1689 353 1741 proelii.

585 1743 622 1786 G
635 1759 657 1785 a
667 1746 682 1785 l
694 1746 708 1784 l
720 1746 733 1785 i
745 1759 765 1785 o
778 1758 801 1785 a
811 1759 838 1784 n
848 1759 875 1785 u
886 1759 916 1785 s,

61 1803 203 1842 Dicam
235 1803 436 1855 digestim.

553 1859 957 1900 Constantinus.

62 1916 155 1957 Hoc
180 1918 343 1957 interim
368 1918 488 1970 parvi
503 1918 649 1971 pendo,
668 1932 746 1970 quo
763 1918 979 1966 edisseras,
997 1916 1106 1970 quod
1126 1916 1258 1968 magis
1277 1918 1438 1969 exopto.

585 1984 624 2026 G
635 1999 657 2026 a
670 1987 683 2025 1
694 1987 730 2026 li
742 2000 763 2026 c
777 1999 799 2026 a
810 2001 837 2025 n
848 2001 874 2025 u
885 2001 916 2026 s.

66 2043 176 2089 Quid
207 2044 300 2083 est?

557 2099 957 2141 Constantinus.

66 2155 146 2196 Cur
175 2158 308 2197 iturus
338 2158 507 2197 deorum
537 2159 701 2210 templa,
735 2161 776 2197 et
805 2161 1022 2197 revertens
1053 2157 1230 2196 intrares
1260 2156 1436 2210 Aposto-

64 2225 195 2265 lorum
224 2229 334 2266 teeta
346 2228 365 2266 ’.Ρ

591 2281 917 2324 Gallicanus.

65 2337 238 2392 Rogas?

547 2395 948 2437 Constantinus.

69 2451 246 2493 curiose.

585 2510 918 2552 Gallicanus.

68 2565 251 2620 Expono.

556 2624 958 2666 Constantinus

69 2677 242 2734 Exopto.
