1702 2939
654 240 713 249 -—
769 214 855 259 285
913 241 970 248 ——

723 333 897 373 Fides.

119 403 216 443 Dixi
246 405 288 443 et
317 403 406 443 dico
439 403 669 455 dicamque,
701 403 891 455 quamdiu
926 404 1084 444 vixero.

655 472 966 511 Antiochus,

118 541 256 580 Breve
288 544 449 593 tempus
480 541 636 589 vivere,
671 544 711 579 et
744 543 821 580 cito
853 541 978 580 debes
1011 541 1192 580 consumi
1224 543 1366 581 morte.

727 610 903 648 Fides,

119 678 213 718 Hoc
244 681 349 731 opto,
383 680 428 717 ut
459 678 608 717 moriar
639 678 679 716 in
711 677 884 717 Christo.

644 746 963 786 Hadrianus.

120 816 344 855 Duodecim
389 815 649 855 centuriones
696 815 936 854 alternando
982 815 1171 855 scindant
1219 815 1360 867 flagris
1410 817 1499 869 ejus

119 886 311 923 membra.

649 942 688 981 A
698 955 724 980 n
736 944 753 980 t
764 941 775 980 i
787 955 808 981 o
821 955 842 980 c
854 941 881 980 h
895 955 918 980 u
931 955 960 980 s.

118 998 207 1038 Nec
236 999 396 1051 injuria.

639 1055 681 1094 H
692 1069 714 1094 a
727 1057 751 1095 d
764 1070 784 1095 r
794 1057 806 1095 i
818 1069 840 1095 a
853 1070 877 1095 n
890 1070 915 1095 u
929 1069 958 1095 s.

121 1125 154 1164 O
188 1125 399 1165 fortissimi
429 1125 693 1165 centuriones
703 1157 712 1174 ,
753 1125 936 1164 accedite
975 1125 1136 1177 meique
1178 1123 1368 1178 injuriam
1409 1125 1498 1165 vin-

121 1194 265 1234 dicate.

651 1251 688 1290 A
700 1265 726 1290 n
740 1250 813 1291 tio
827 1251 881 1290 ch
895 1265 921 1290 u
932 1265 961 1290 s.

121 1309 295 1349 Justum.

645 1366 967 1405 Hadrianus.

123 1435 339 1488 Perquire,
369 1435 582 1484 Antioche,
615 1448 720 1474 anne
751 1436 854 1474 velit
884 1435 1043 1474 cedere.

645 1504 960 1543 Antiochus.

120 1573 213 1613 Vin'
244 1574 389 1621 adhuc,
420 1573 557 1621 Fides,
597 1574 716 1613 solita
755 1573 1029 1613 conviciorum
1059 1573 1289 1626 objectione
1319 1573 1492 1626 impera-

119 1646 251 1682 torem
283 1642 589 1682 dehonestare?

715 1711 750 1750 F
761 1711 774 1750 i
787 1711 810 1750 d
825 1724 846 1750 e
859 1723 889 1750 s.

120 1766 202 1808 Cur
233 1769 350 1809 solito
381 1769 513 1808 minus
527 1770 546 1808 ἶ)

658 1826 696 1866 Α
707 1840 734 1865 11
745 1826 785 1866 ti
798 1840 819 1866 0
831 1840 852 1866 c
864 1827 890 1865 h
901 1840 928 1865 u
940 1839 970 1865 s.

121 1894 227 1941 Quia
255 1895 485 1948 prohiberis
516 1895 769 1935 verberibus.

721 1964 754 2003 F
768 1964 781 2003 i
794 1964 819 2003 d
834 1977 855 2003 e
869 1977 898 2002 s.

119 2032 310 2072 Verbera
349 2046 431 2072 non
476 2033 713 2086 conpellunt
751 2047 816 2072 me
846 2035 1008 2081 tacere,
1055 2032 1149 2085 quia
1187 2032 1299 2073 nullo
1341 2032 1498 2074 afficior

121 2101 271 2141 dolore.

646 2159 809 2199 Antio
824 2172 845 2198 c
858 2159 884 2199 h
897 2173 923 2198 u
935 2173 965 2198 s.

122 2226 155 2267 Ο
191 2227 340 2266 infelix
369 2226 608 2280 pertinacia,
641 2241 662 2267 o
695 2231 915 2268 contumax
944 2227 1134 2268 audacia!

645 2307 717 2347 Ha
730 2308 753 2347 d
770 2322 789 2347 r
801 2308 813 2347 i
826 2321 849 2347 a
862 2322 887 2347 n
898 2321 923 2347 u
936 2321 966 2347 s.

122 2375 279 2430 Corpus
311 2377 465 2417 fatiscit
494 2390 570 2430 per
600 2377 812 2430 supplicia,
845 2380 889 2417 et
918 2390 1034 2416 mens
1065 2380 1196 2418 tumet
1225 2378 1428 2431 superbia.

727 2457 894 2496 Fides.

120 2523 260 2574 Erras,
289 2525 513 2575 Hadriane,
545 2526 578 2565 si
609 2526 725 2575 reris,
756 2540 820 2566 me
852 2527 1019 2578 fatigari
1048 2528 1274 2581 suppliciis3
1304 2542 1384 2569 non
1417 2543 1494 2581 ego

123 2594 297 2645 quidem,
338 2595 411 2634 sed
449 2595 597 2634 infirmi
635 2598 811 2635 tortores
853 2596 1047 2636 deficiunt
1077 2600 1119 2636 et
1149 2597 1298 2637 sudore
1330 2598 1378 2637 ob
1411 2598 1490 2638 las-

123 2662 340 2704 situdinem
372 2664 513 2704 fluunt.
