1702 2939
600 208 917 251 —281—

71 328 112 366 et
144 326 245 365 mira
275 325 416 365 mundi
447 325 614 364 artificis
646 325 836 374 seientia,
869 325 936 378 qui
967 339 1046 365 non
1079 325 1227 372 solum,
1266 325 1307 364 in
1337 324 1446 378 prin-

73 395 175 448 cipio
212 395 408 434 mundum
454 408 599 434 creans
644 409 697 434 ex
746 395 890 443 nihilo,
937 395 1069 434 onmia
1114 395 1154 433 in
1196 408 1365 433 numero
1407 395 1448 433 et

71 477 262 502 mensura
295 469 335 503 et
366 465 547 516 pondere
590 465 745 516 posuit,
787 465 859 503 sed
900 464 1022 503 etiam
1059 464 1101 503 in
1140 463 1446 502 succedentium

71 533 176 572 serie
208 536 438 585 temporum
469 536 510 572 et
540 533 579 571 in
611 534 814 572 aetatibus
845 533 1050 572 hominum
1080 532 1222 571 miram
1245 532 1357 571 dedit
1387 532 1445 571 in-

70 601 201 640 veniri
217 602 272 654 2⁰)
302 615 424 654 posse
457 602 669 641 scientiam
700 602 857 641 artium.

595 671 918 710 Hadrianus.

72 738 152 777 Diu
184 741 224 778 te
257 740 431 778 sustinui
459 740 789 787 ratiocinantem,
829 753 906 792 quo
938 742 978 780 te
1010 739 1106 778 mihi
1138 739 1346 778 efficerem
1376 739 1443 777 ob-

72 811 380 861 temperantem.

608 864 904 918 Sapientia.

68 922 117 961 In
150 923 262 974 quo?

601 979 917 1019 Hadrianus.

67 1048 116 1087 In
154 1049 313 1087 cultura
345 1048 523 1088 deorum.

610 1117 903 1170 Sapientia.

73 1186 123 1225 In
157 1186 233 1225 1100
264 1186 404 1238 utique
435 1199 516 1225 non
547 1187 768 1226 consentio.

593 1255 917 1295 Hadrianus.

73 1323 115 1363 Si
147 1324 351 1373 reniteris,
384 1325 595 1363 tormentis
628 1324 830 1364 afficieris.

607 1392 904 1446 Sapientia.

71 1460 229 1513 Corpus
270 1461 433 1513 quidem
474 1462 683 1514 suppliciis
721 1463 926 1501 lacessere
960 1461 1132 1515 poteris,
1164 1462 1238 1500 sed
1270 1461 1449 1500 animum

66 1530 117 1568 ad
150 1530 378 1568 cedendum
409 1531 656 1583 compellere
688 1544 768 1570 non
799 1531 1068 1583 praevalebis,

595 1599 911 1639 Antiochus,

65 1667 161 1706 Dies
193 1667 302 1715 abiit,
333 1681 416 1706 nox
447 1667 651 1717 incumbit,
683 1682 763 1707 non
795 1673 858 1707 est
888 1673 1049 1721 tempus
1072 1667 1318 1715 altercandi,
1353 1667 1447 1719 quia

65 1736 191 1776 instat
223 1737 322 1774 hora
354 1737 565 1775 coenandi.

595 1805 918 1845 Hadrianus.

65 1874 115 1912 In
162 1874 387 1913 custodiam
421 1875 543 1926 juxta
586 1875 782 1927 palatium
820 1877 1037 1927 ponantur,
1076 1877 1117 1913 et
1144 1873 1357 1913 triduanae
1389 1873 1447 1912 in-

71 1943 213 1981 duciae
246 1943 324 1981 ilhs
356 1943 409 1982 ad
439 1943 697 1982 tractandum
729 1947 1003 1996 praestentur.

602 2024 919 2063 Antiochus.

66 2092 295 2132 Observato
334 2092 454 2140 istas,
497 2107 517 2132 o
556 2093 718 2139 milites,
760 2093 867 2132 omni
908 2092 1180 2132 sollicitudine
1210 2092 1446 2143 nullamque

66 2161 146 2200 illis
180 2161 434 2201 occasionem
467 2162 671 2200 evadendi
702 2162 934 2214 relinquite.

605 2322 901 2374 Sapientia.

67 2391 99 2430 O
135 2392 276 2430 dulces
308 2391 470 2438 filiolae,
504 2404 524 2429 o
559 2404 679 2429 carae
711 2391 906 2443 pusiolae,
938 2390 1064 2429 nolite
1085 2403 1209 2442 super
1227 2389 1446 2428 carceralis

66 2460 256 2511 angustia
295 2460 501 2499 custodiae
543 2460 796 2509 contristari,
837 2460 961 2500 nolite
993 2458 1287 2498 imminentium
1328 2458 1446 2497 minis

66 2542 290 2581 poenarum
320 2529 478 2568 terreri.

99 2688 149 2719 29]
171 2688 368 2720 iuvenire,
395 2687 426 2713 C.
450 2695 477 2714 u.
501 2687 530 2715 S.
