<?xml version="1.0" encoding="UTF-8"?>
<!DOCTYPE html PUBLIC "-//W3C//DTD XHTML 1.0 Transitional//EN"
    "http://www.w3.org/TR/xhtml1/DTD/xhtml1-transitional.dtd">
<html xmlns="http://www.w3.org/1999/xhtml" xml:lang="en" lang="en">
 <head>
  <title>
</title>
<meta http-equiv="Content-Type" content="text/html;charset=utf-8" />
  <meta name='ocr-system' content='tesseract 3.04.00' />
  <meta name='ocr-capabilities' content='ocr_page ocr_carea ocr_par ocr_line ocrx_word'/>
</head>
<body>
  <div class='ocr_page' id='page_1' title='image "./diewerke00hrotuoft/diewerke00hrotuoft_0332.png"; bbox 0 0 1702 2939; ppageno 0'>
   <div class='ocr_carea' id='block_1_1' title="bbox 796 228 1110 274">
    <p class='ocr_par' dir='ltr' id='par_1_1' title="bbox 796 228 1110 274">
     <span class='ocr_line' id='line_1_1' title="bbox 796 228 1110 274; baseline 0.003 -11"><span class='ocrx_word' id='word_1_1' title='bbox 796 228 1110 274; x_wconf 70' lang='grc'>...254-</span> 
     </span>
    </p>
   </div>
   <div class='ocr_carea' id='block_1_2' title="bbox 261 348 1642 1213">
    <p class='ocr_par' dir='ltr' id='par_1_2' title="bbox 261 348 1642 1213">
     <span class='ocr_line' id='line_1_2' title="bbox 859 348 1032 388; baseline 0 0"><span class='ocrx_word' id='word_1_2' title='bbox 859 348 1032 388; x_wconf 83' lang='lat' dir='ltr'>Thais.</span> 
     </span>
     <span class='ocr_line' id='line_1_3' title="bbox 262 415 1632 472; baseline 0 -15"><span class='ocrx_word' id='word_1_3' title='bbox 262 417 323 457; x_wconf 77' lang='lat' dir='ltr'>Ila</span> <span class='ocrx_word' id='word_1_4' title='bbox 368 415 464 456; x_wconf 88' lang='lat' dir='ltr'>mihi</span> <span class='ocrx_word' id='word_1_5' title='bbox 509 415 749 469; x_wconf 79' lang='lat' dir='ltr'>aliquantuli</span> <span class='ocrx_word' id='word_1_6' title='bbox 791 416 966 470; x_wconf 82' lang='lat' dir='ltr'>spatium</span> <span class='ocrx_word' id='word_1_7' title='bbox 1010 418 1280 470; x_wconf 81' lang='lat' dir='ltr'>tempusculi,</span> <span class='ocrx_word' id='word_1_8' title='bbox 1334 421 1381 458; x_wconf 91' lang='lat' dir='ltr'>ut</span> <span class='ocrx_word' id='word_1_9' title='bbox 1420 417 1632 472; x_wconf 74' lang='lat' dir='ltr'>proferam</span> 
     </span>
     <span class='ocr_line' id='line_1_4' title="bbox 262 486 1381 539; baseline 0.002 -14"><span class='ocrx_word' id='word_1_10' title='bbox 262 498 542 536; x_wconf 70' lang='lat' dir='ltr'>mammonam,</span> <span class='ocrx_word' id='word_1_11' title='bbox 575 498 695 539; x_wconf 86' lang='lat' dir='ltr'>quam</span> <span class='ocrx_word' id='word_1_12' title='bbox 724 486 831 525; x_wconf 87' lang='lat' dir='ltr'>male</span> <span class='ocrx_word' id='word_1_13' title='bbox 863 487 1075 525; x_wconf 79' lang='lat' dir='ltr'>collectam</span> <span class='ocrx_word' id='word_1_14' title='bbox 1106 486 1173 525; x_wconf 87' lang='lat' dir='ltr'>diu</span> <span class='ocrx_word' id='word_1_15' title='bbox 1205 486 1381 527; x_wconf 83' lang='lat' dir='ltr'>servavi.</span> 
     </span>
     <span class='ocr_line' id='line_1_5' title="bbox 776 554 1118 608; baseline 0 -14"><span class='ocrx_word' id='word_1_16' title='bbox 776 554 1118 608; x_wconf 68' lang='lat' dir='ltr'>Paphnutius</span> 
     </span>
     <span class='ocr_line' id='line_1_6' title="bbox 261 623 1634 678; baseline 0.001 -15"><span class='ocrx_word' id='word_1_17' title='bbox 261 623 323 663; x_wconf 81' lang='lat' dir='ltr'>Ne</span> <span class='ocrx_word' id='word_1_18' title='bbox 355 624 586 664; x_wconf 78' lang='lat' dir='ltr'>solliciteris</span> <span class='ocrx_word' id='word_1_19' title='bbox 602 623 656 676; x_wconf 79' lang='lat'>⁴⁰)</span> <span class='ocrx_word' id='word_1_20' title='bbox 687 637 760 678; x_wconf 85' lang='lat' dir='ltr'>pro</span> <span class='ocrx_word' id='word_1_21' title='bbox 808 635 868 662; x_wconf 85' lang='lat' dir='ltr'>ca.</span> <span class='ocrx_word' id='word_1_22' title='bbox 925 623 1017 663; x_wconf 88' lang='lat' dir='ltr'>Non</span> <span class='ocrx_word' id='word_1_23' title='bbox 1062 623 1222 673; x_wconf 87' lang='lat' dir='ltr'>desunt,</span> <span class='ocrx_word' id='word_1_24' title='bbox 1254 624 1323 676; x_wconf 89' lang='lat' dir='ltr'>qui</span> <span class='ocrx_word' id='word_1_25' title='bbox 1366 627 1533 664; x_wconf 90' lang='lat' dir='ltr'>utentur</span> <span class='ocrx_word' id='word_1_26' title='bbox 1552 623 1634 677; x_wconf 79' lang='lat'>⁴¹⁸)</span> 
     </span>
     <span class='ocr_line' id='line_1_7' title="bbox 262 693 438 732; baseline 0.006 -1"><span class='ocrx_word' id='word_1_27' title='bbox 262 693 438 732; x_wconf 75' lang='lat' dir='ltr'>inventa.</span> 
     </span>
     <span class='ocr_line' id='line_1_8' title="bbox 864 760 1035 800; baseline -0.006 0"><span class='ocrx_word' id='word_1_28' title='bbox 864 760 1035 800; x_wconf 86' lang='lat' dir='ltr'>Thais.</span> 
     </span>
     <span class='ocr_line' id='line_1_9' title="bbox 263 828 1634 877; baseline -0.001 -7"><span class='ocrx_word' id='word_1_29' title='bbox 263 830 354 870; x_wconf 74' lang='lat' dir='ltr'>Non</span> <span class='ocrx_word' id='word_1_30' title='bbox 397 831 445 869; x_wconf 91' lang='lat' dir='ltr'>ob</span> <span class='ocrx_word' id='word_1_31' title='bbox 487 830 527 868; x_wconf 91' lang='lat' dir='ltr'>id</span> <span class='ocrx_word' id='word_1_32' title='bbox 558 829 773 877; x_wconf 79' lang='lat' dir='ltr'>sollicitor,</span> <span class='ocrx_word' id='word_1_33' title='bbox 814 832 859 868; x_wconf 90' lang='lat' dir='ltr'>ut</span> <span class='ocrx_word' id='word_1_34' title='bbox 908 829 975 867; x_wconf 85' lang='lat' dir='ltr'>vel</span> <span class='ocrx_word' id='word_1_35' title='bbox 1016 828 1113 867; x_wconf 88' lang='lat' dir='ltr'>mihi</span> <span class='ocrx_word' id='word_1_36' title='bbox 1158 841 1348 877; x_wconf 83' lang='lat' dir='ltr'>servare,</span> <span class='ocrx_word' id='word_1_37' title='bbox 1389 829 1457 868; x_wconf 88' lang='lat' dir='ltr'>vel</span> <span class='ocrx_word' id='word_1_38' title='bbox 1497 828 1634 868; x_wconf 86' lang='lat' dir='ltr'>amicis</span> 
     </span>
     <span class='ocr_line' id='line_1_10' title="bbox 261 897 1642 951; baseline 0 -14"><span class='ocrx_word' id='word_1_39' title='bbox 261 897 412 937; x_wconf 77' lang='lat' dir='ltr'>vellem</span> <span class='ocrx_word' id='word_1_40' title='bbox 443 899 561 945; x_wconf 82' lang='lat' dir='ltr'>dare,</span> <span class='ocrx_word' id='word_1_41' title='bbox 593 898 667 936; x_wconf 85' lang='lat' dir='ltr'>sed</span> <span class='ocrx_word' id='word_1_42' title='bbox 697 910 775 936; x_wconf 87' lang='lat' dir='ltr'>nec</span> <span class='ocrx_word' id='word_1_43' title='bbox 803 897 948 948; x_wconf 71' lang='lat' dir='ltr'>egenis</span> <span class='ocrx_word' id='word_1_44' title='bbox 980 910 1104 936; x_wconf 88' lang='lat' dir='ltr'>conor</span> <span class='ocrx_word' id='word_1_45' title='bbox 1136 898 1397 951; x_wconf 85' lang='lat' dir='ltr'>dispensare,</span> <span class='ocrx_word' id='word_1_46' title='bbox 1429 897 1524 950; x_wconf 84' lang='lat' dir='ltr'>quia</span> <span class='ocrx_word' id='word_1_47' title='bbox 1553 910 1642 938; x_wconf 84' lang='lat' dir='ltr'>non·</span> 
     </span>
     <span class='ocr_line' id='line_1_11' title="bbox 262 965 1632 1020; baseline -0.001 -14"><span class='ocrx_word' id='word_1_48' title='bbox 262 968 450 1016; x_wconf 82' lang='lat' dir='ltr'>arbitror,</span> <span class='ocrx_word' id='word_1_49' title='bbox 481 966 658 1020; x_wconf 85' lang='lat' dir='ltr'>pretium</span> <span class='ocrx_word' id='word_1_50' title='bbox 689 965 909 1019; x_wconf 80' lang='lat' dir='ltr'>piaculi⁴¹)</span> <span class='ocrx_word' id='word_1_51' title='bbox 927 967 1067 1018; x_wconf 88' lang='lat' dir='ltr'>aptum</span> <span class='ocrx_word' id='word_1_52' title='bbox 1097 979 1189 1005; x_wconf 86' lang='lat' dir='ltr'>esse</span> <span class='ocrx_word' id='word_1_53' title='bbox 1220 967 1272 1005; x_wconf 82' lang='lat' dir='ltr'>ad</span> <span class='ocrx_word' id='word_1_54' title='bbox 1303 978 1405 1019; x_wconf 84' lang='lat' dir='ltr'>opus</span> <span class='ocrx_word' id='word_1_55' title='bbox 1435 965 1632 1006; x_wconf 86' lang='lat' dir='ltr'>beneficii.</span> 
     </span>
     <span class='ocr_line' id='line_1_12' title="bbox 775 1033 1125 1086; baseline -0.003 -13"><span class='ocrx_word' id='word_1_56' title='bbox 775 1033 1125 1086; x_wconf 80' lang='lat' dir='ltr'>Paphnutius.</span> 
     </span>
     <span class='ocr_line' id='line_1_13' title="bbox 263 1102 1633 1155; baseline -0.001 -11"><span class='ocrx_word' id='word_1_57' title='bbox 263 1104 395 1144; x_wconf 83' lang='lat' dir='ltr'>Recte</span> <span class='ocrx_word' id='word_1_58' title='bbox 427 1103 649 1144; x_wconf 85' lang='lat' dir='ltr'>arbitraris.</span> <span class='ocrx_word' id='word_1_59' title='bbox 709 1102 764 1143; x_wconf 86' lang='lat' dir='ltr'>Et</span> <span class='ocrx_word' id='word_1_60' title='bbox 803 1102 899 1155; x_wconf 91' lang='lat' dir='ltr'>quid</span> <span class='ocrx_word' id='word_1_61' title='bbox 930 1102 982 1141; x_wconf 88' lang='lat' dir='ltr'>de</span> <span class='ocrx_word' id='word_1_62' title='bbox 1013 1103 1219 1155; x_wconf 76' lang='lat' dir='ltr'>congestis</span> <span class='ocrx_word' id='word_1_63' title='bbox 1250 1105 1386 1143; x_wconf 87' lang='lat' dir='ltr'>actum</span> <span class='ocrx_word' id='word_1_64' title='bbox 1415 1103 1481 1142; x_wconf 88' lang='lat' dir='ltr'>ire.</span> <span class='ocrx_word' id='word_1_65' title='bbox 1503 1103 1633 1143; x_wconf 86' lang='lat' dir='ltr'>medi-</span> 
     </span>
     <span class='ocr_line' id='line_1_14' title="bbox 263 1173 390 1213; baseline -0.008 0"><span class='ocrx_word' id='word_1_66' title='bbox 263 1173 390 1213; x_wconf 76' lang='lat' dir='ltr'>taris?</span> 
     </span>
    </p>
   </div>
   <div class='ocr_carea' id='block_1_3' title="bbox 263 1228 1214 1532">
    <p class='ocr_par' dir='ltr' id='par_1_3' title="bbox 263 1228 1214 1532">
     <span class='ocr_line' id='line_1_15' title="bbox 864 1228 1036 1268; baseline -0.006 0"><span class='ocrx_word' id='word_1_67' title='bbox 864 1228 896 1268; x_wconf 89' lang='grc' dir='ltr'><strong>Τ</strong></span> <span class='ocrx_word' id='word_1_68' title='bbox 910 1228 936 1267; x_wconf 90' lang='lat' dir='ltr'>h</span> <span class='ocrx_word' id='word_1_69' title='bbox 947 1228 1036 1267; x_wconf 81' lang='lat' dir='ltr'>ais.</span> 
     </span>
     <span class='ocr_line' id='line_1_16' title="bbox 263 1297 1214 1350; baseline -0.001 -13"><span class='ocrx_word' id='word_1_70' title='bbox 263 1298 360 1350; x_wconf 86' lang='lat' dir='ltr'>Igni</span> <span class='ocrx_word' id='word_1_71' title='bbox 373 1297 429 1350; x_wconf 79' lang='lat'>⁴²)</span> <span class='ocrx_word' id='word_1_72' title='bbox 459 1297 626 1338; x_wconf 84' lang='lat' dir='ltr'>tradere</span> <span class='ocrx_word' id='word_1_73' title='bbox 658 1302 700 1337; x_wconf 90' lang='lat' dir='ltr'>et</span> <span class='ocrx_word' id='word_1_74' title='bbox 728 1297 769 1337; x_wconf 91' lang='lat' dir='ltr'>in</span> <span class='ocrx_word' id='word_1_75' title='bbox 800 1297 982 1336; x_wconf 76' lang='lat' dir='ltr'>favillam</span> <span class='ocrx_word' id='word_1_76' title='bbox 1011 1297 1214 1349; x_wconf 85' lang='lat' dir='ltr'>redigere.</span> 
     </span>
     <span class='ocr_line' id='line_1_17' title="bbox 774 1365 1126 1419; baseline 0 -14"><span class='ocrx_word' id='word_1_77' title='bbox 774 1365 875 1419; x_wconf 82' lang='lat' dir='ltr'>Pap</span> <span class='ocrx_word' id='word_1_78' title='bbox 891 1366 1126 1406; x_wconf 86' lang='lat' dir='ltr'>hnutius.</span> 
     </span>
     <span class='ocr_line' id='line_1_18' title="bbox 267 1434 636 1481; baseline 0 -7"><span class='ocrx_word' id='word_1_79' title='bbox 267 1434 400 1481; x_wconf 84' lang='lat' dir='ltr'>Quam</span> <span class='ocrx_word' id='word_1_80' title='bbox 431 1435 480 1474; x_wconf 90' lang='lat' dir='ltr'>ob</span> <span class='ocrx_word' id='word_1_81' title='bbox 511 1448 598 1474; x_wconf 90' lang='lat' dir='ltr'>rem</span> <span class='ocrx_word' id='word_1_82' title='bbox 616 1435 636 1474; x_wconf 70' lang='grc' dir='ltr'><strong><em>Ρ</em></strong></span> 
     </span>
     <span class='ocr_line' id='line_1_19' title="bbox 865 1491 1032 1532; baseline 0 -1"><span class='ocrx_word' id='word_1_83' title='bbox 865 1491 896 1531; x_wconf 89' lang='grc' dir='ltr'><strong>Τ</strong></span> <span class='ocrx_word' id='word_1_84' title='bbox 909 1491 936 1531; x_wconf 91' lang='lat' dir='ltr'>h</span> <span class='ocrx_word' id='word_1_85' title='bbox 948 1504 971 1531; x_wconf 83' lang='lat' dir='ltr'>a</span> <span class='ocrx_word' id='word_1_86' title='bbox 981 1491 1032 1532; x_wconf 87' lang='lat' dir='ltr'>is.</span> 
     </span>
    </p>
   </div>
   <div class='ocr_carea' id='block_1_4' title="bbox 262 1559 1635 1887">
    <p class='ocr_par' dir='ltr' id='par_1_4' title="bbox 262 1559 1631 1682">
     <span class='ocr_line' id='line_1_20' title="bbox 262 1559 1631 1613; baseline -0.001 -13"><span class='ocrx_word' id='word_1_87' title='bbox 262 1561 325 1601; x_wconf 74' lang='lat' dir='ltr'>Ne</span> <span class='ocrx_word' id='word_1_88' title='bbox 356 1561 612 1600; x_wconf 84' lang='lat' dir='ltr'>retineantur</span> <span class='ocrx_word' id='word_1_89' title='bbox 643 1560 683 1599; x_wconf 92' lang='lat' dir='ltr'>in</span> <span class='ocrx_word' id='word_1_90' title='bbox 710 1560 873 1609; x_wconf 92' lang='lat' dir='ltr'>mundo,</span> <span class='ocrx_word' id='word_1_91' title='bbox 905 1572 1009 1612; x_wconf 91' lang='lat' dir='ltr'>quae</span> <span class='ocrx_word' id='word_1_92' title='bbox 1039 1560 1145 1600; x_wconf 84' lang='lat' dir='ltr'>male</span> <span class='ocrx_word' id='word_1_93' title='bbox 1175 1559 1389 1613; x_wconf 78' lang='lat' dir='ltr'>adquisivi,</span> <span class='ocrx_word' id='word_1_94' title='bbox 1418 1572 1499 1601; x_wconf 88' lang='lat' dir='ltr'>non</span> <span class='ocrx_word' id='word_1_95' title='bbox 1539 1560 1631 1601; x_wconf 82' lang='lat' dir='ltr'>abs-</span> 
     </span>
     <span class='ocr_line' id='line_1_21' title="bbox 263 1628 919 1682; baseline -0.003 -13"><span class='ocrx_word' id='word_1_96' title='bbox 263 1643 342 1682; x_wconf 85' lang='lat' dir='ltr'>que</span> <span class='ocrx_word' id='word_1_97' title='bbox 373 1629 515 1669; x_wconf 88' lang='lat' dir='ltr'>mundi</span> <span class='ocrx_word' id='word_1_98' title='bbox 544 1629 730 1669; x_wconf 76' lang='lat' dir='ltr'>Fac-toris</span> <span class='ocrx_word' id='word_1_99' title='bbox 760 1628 919 1681; x_wconf 84' lang='lat' dir='ltr'>injuria.</span> 
     </span>
    </p>

    <p class='ocr_par' dir='ltr' id='par_1_5' title="bbox 265 1697 1635 1887">
     <span class='ocr_line' id='line_1_22' title="bbox 771 1697 1112 1750; baseline 0 -13"><span class='ocrx_word' id='word_1_100' title='bbox 771 1697 1112 1750; x_wconf 79' lang='lat' dir='ltr'>Paphnutius.</span> 
     </span>
     <span class='ocr_line' id='line_1_23' title="bbox 268 1764 1635 1819; baseline 0 -14"><span class='ocrx_word' id='word_1_101' title='bbox 268 1766 316 1814; x_wconf 87' lang='lat' dir='ltr'>O,</span> <span class='ocrx_word' id='word_1_102' title='bbox 348 1778 468 1818; x_wconf 86' lang='lat' dir='ltr'>quam</span> <span class='ocrx_word' id='word_1_103' title='bbox 484 1764 538 1819; x_wconf 77' lang='lat'>⁴³)</span> <span class='ocrx_word' id='word_1_104' title='bbox 569 1768 724 1805; x_wconf 86' lang='lat' dir='ltr'>mutata</span> <span class='ocrx_word' id='word_1_105' title='bbox 755 1779 798 1804; x_wconf 88' lang='lat' dir='ltr'>es</span> <span class='ocrx_word' id='word_1_106' title='bbox 829 1767 878 1805; x_wconf 87' lang='lat' dir='ltr'>ab</span> <span class='ocrx_word' id='word_1_107' title='bbox 908 1766 999 1815; x_wconf 90' lang='lat' dir='ltr'>illa,</span> <span class='ocrx_word' id='word_1_108' title='bbox 1031 1777 1134 1818; x_wconf 88' lang='lat' dir='ltr'>quae</span> <span class='ocrx_word' id='word_1_109' title='bbox 1165 1765 1277 1819; x_wconf 86' lang='lat' dir='ltr'>prius</span> <span class='ocrx_word' id='word_1_110' title='bbox 1318 1778 1432 1815; x_wconf 87' lang='lat' dir='ltr'>eras,</span> <span class='ocrx_word' id='word_1_111' title='bbox 1473 1764 1635 1818; x_wconf 66' lang='lat' dir='ltr'>quando</span> 
     </span>
     <span class='ocr_line' id='line_1_24' title="bbox 265 1834 1497 1887; baseline 0 -13"><span class='ocrx_word' id='word_1_112' title='bbox 265 1835 418 1875; x_wconf 88' lang='lat' dir='ltr'>inlicito</span> <span class='ocrx_word' id='word_1_113' title='bbox 448 1848 585 1874; x_wconf 87' lang='lat' dir='ltr'>amore</span> <span class='ocrx_word' id='word_1_114' title='bbox 615 1835 834 1887; x_wconf 79' lang='lat' dir='ltr'>flagrabas,</span> <span class='ocrx_word' id='word_1_115' title='bbox 864 1834 1061 1874; x_wconf 86' lang='lat' dir='ltr'>avaritiae</span> <span class='ocrx_word' id='word_1_116' title='bbox 1093 1834 1228 1875; x_wconf 87' lang='lat' dir='ltr'>calore</span> <span class='ocrx_word' id='word_1_117' title='bbox 1258 1835 1497 1874; x_wconf 78' lang='lat' dir='ltr'>aestuabas!</span> 
     </span>
    </p>
   </div>
   <div class='ocr_carea' id='block_1_5' title="bbox 264 1902 1636 2424">
    <p class='ocr_par' dir='ltr' id='par_1_6' title="bbox 264 1902 1636 2424">
     <span class='ocr_line' id='line_1_25' title="bbox 870 1902 1041 1942; baseline -0.006 0"><span class='ocrx_word' id='word_1_118' title='bbox 870 1902 902 1942; x_wconf 90' lang='grc' dir='ltr'><strong>Τ</strong></span> <span class='ocrx_word' id='word_1_119' title='bbox 916 1903 941 1942; x_wconf 92' lang='lat' dir='ltr'>h</span> <span class='ocrx_word' id='word_1_120' title='bbox 954 1903 998 1941; x_wconf 84' lang='lat' dir='ltr'>ai</span> <span class='ocrx_word' id='word_1_121' title='bbox 1010 1916 1041 1942; x_wconf 87' lang='lat' dir='ltr'>s.</span> 
     </span>
     <span class='ocr_line' id='line_1_26' title="bbox 265 1971 1379 2020; baseline -0.002 -8"><span class='ocrx_word' id='word_1_122' title='bbox 265 1971 462 2012; x_wconf 84' lang='lat' dir='ltr'>Fortasse</span> <span class='ocrx_word' id='word_1_123' title='bbox 494 1972 679 2011; x_wconf 88' lang='lat' dir='ltr'>mutabor</span> <span class='ocrx_word' id='word_1_124' title='bbox 711 1971 752 2010; x_wconf 90' lang='lat' dir='ltr'>in</span> <span class='ocrx_word' id='word_1_125' title='bbox 782 1971 940 2020; x_wconf 80' lang='lat' dir='ltr'>melius,</span> <span class='ocrx_word' id='word_1_126' title='bbox 972 1971 1006 2010; x_wconf 87' lang='lat' dir='ltr'>si</span> <span class='ocrx_word' id='word_1_127' title='bbox 1035 1971 1226 2012; x_wconf 79' lang='lat' dir='ltr'>annuerit</span> <span class='ocrx_word' id='word_1_128' title='bbox 1255 1971 1379 2012; x_wconf 85' lang='lat' dir='ltr'>Deus.</span> 
     </span>
     <span class='ocr_line' id='line_1_27' title="bbox 783 2039 1127 2092; baseline 0.003 -14"><span class='ocrx_word' id='word_1_129' title='bbox 783 2039 815 2079; x_wconf 91' lang='lat' dir='ltr'>P</span> <span class='ocrx_word' id='word_1_130' title='bbox 828 2051 851 2078; x_wconf 85' lang='lat' dir='ltr'>a</span> <span class='ocrx_word' id='word_1_131' title='bbox 862 2053 889 2092; x_wconf 84' lang='lat' dir='ltr'><strong>p</strong></span> <span class='ocrx_word' id='word_1_132' title='bbox 900 2040 925 2078; x_wconf 92' lang='lat' dir='ltr'>h</span> <span class='ocrx_word' id='word_1_133' title='bbox 936 2039 1048 2079; x_wconf 80' lang='lat' dir='ltr'>nuti</span> <span class='ocrx_word' id='word_1_134' title='bbox 1061 2053 1088 2079; x_wconf 91' lang='lat' dir='ltr'>u</span> <span class='ocrx_word' id='word_1_135' title='bbox 1097 2053 1127 2079; x_wconf 80' lang='lat' dir='ltr'>S.</span> 
     </span>
     <span class='ocr_line' id='line_1_28' title="bbox 264 2108 1636 2161; baseline -0.001 -12"><span class='ocrx_word' id='word_1_136' title='bbox 264 2109 356 2149; x_wconf 72' lang='lat' dir='ltr'>Non</span> <span class='ocrx_word' id='word_1_137' title='bbox 389 2112 453 2149; x_wconf 86' lang='lat' dir='ltr'>est</span> <span class='ocrx_word' id='word_1_138' title='bbox 483 2109 648 2149; x_wconf 86' lang='lat' dir='ltr'>difficile</span> <span class='ocrx_word' id='word_1_139' title='bbox 678 2108 906 2148; x_wconf 84' lang='lat' dir='ltr'>inmutabili</span> <span class='ocrx_word' id='word_1_140' title='bbox 937 2109 1026 2161; x_wconf 87' lang='lat' dir='ltr'>ejus</span> <span class='ocrx_word' id='word_1_141' title='bbox 1057 2109 1323 2158; x_wconf 84' lang='lat' dir='ltr'>substantiae,</span> <span class='ocrx_word' id='word_1_142' title='bbox 1348 2121 1428 2158; x_wconf 88' lang='lat' dir='ltr'>res,</span> <span class='ocrx_word' id='word_1_143' title='bbox 1450 2110 1497 2149; x_wconf 89' lang='lat' dir='ltr'>ut</span> <span class='ocrx_word' id='word_1_144' title='bbox 1525 2108 1636 2158; x_wconf 83' lang='lat' dir='ltr'>libet,</span> 
     </span>
     <span class='ocr_line' id='line_1_29' title="bbox 264 2182 434 2218; baseline 0 -1"><span class='ocrx_word' id='word_1_145' title='bbox 264 2182 434 2218; x_wconf 85' lang='lat' dir='ltr'>mutare.</span> 
     </span>
     <span class='ocr_line' id='line_1_30' title="bbox 866 2233 1037 2274; baseline -0.006 0"><span class='ocrx_word' id='word_1_146' title='bbox 866 2233 899 2274; x_wconf 87' lang='grc' dir='ltr'><strong>Τ</strong></span> <span class='ocrx_word' id='word_1_147' title='bbox 912 2234 938 2273; x_wconf 92' lang='lat' dir='ltr'>h</span> <span class='ocrx_word' id='word_1_148' title='bbox 949 2234 1037 2273; x_wconf 85' lang='lat' dir='ltr'>ais.</span> 
     </span>
     <span class='ocr_line' id='line_1_31' title="bbox 265 2302 1188 2357; baseline 0 -14"><span class='ocrx_word' id='word_1_149' title='bbox 265 2303 339 2343; x_wconf 91' lang='lat' dir='ltr'>Ibo</span> <span class='ocrx_word' id='word_1_150' title='bbox 371 2307 423 2352; x_wconf 85' lang='lat' dir='ltr'>et,</span> <span class='ocrx_word' id='word_1_151' title='bbox 455 2316 560 2355; x_wconf 88' lang='lat' dir='ltr'>quae</span> <span class='ocrx_word' id='word_1_152' title='bbox 593 2302 782 2355; x_wconf 86' lang='lat' dir='ltr'>cogitavi,</span> <span class='ocrx_word' id='word_1_153' title='bbox 813 2315 937 2355; x_wconf 90' lang='lat' dir='ltr'>opere</span> <span class='ocrx_word' id='word_1_154' title='bbox 968 2303 1188 2357; x_wconf 89' lang='lat' dir='ltr'>complebo.</span> 
     </span>
     <span class='ocr_line' id='line_1_32' title="bbox 773 2371 1127 2424; baseline 0.003 -14"><span class='ocrx_word' id='word_1_155' title='bbox 773 2371 805 2410; x_wconf 92' lang='lat' dir='ltr'>P</span> <span class='ocrx_word' id='word_1_156' title='bbox 819 2383 842 2410; x_wconf 86' lang='lat' dir='ltr'>a</span> <span class='ocrx_word' id='word_1_157' title='bbox 854 2385 879 2424; x_wconf 90' lang='lat' dir='ltr'>p</span> <span class='ocrx_word' id='word_1_158' title='bbox 892 2371 917 2410; x_wconf 90' lang='lat' dir='ltr'>h</span> <span class='ocrx_word' id='word_1_159' title='bbox 930 2384 956 2410; x_wconf 92' lang='lat' dir='ltr'>n</span> <span class='ocrx_word' id='word_1_160' title='bbox 970 2385 996 2410; x_wconf 94' lang='lat' dir='ltr'>u</span> <span class='ocrx_word' id='word_1_161' title='bbox 1007 2374 1024 2411; x_wconf 85' lang='lat' dir='ltr'>t</span> <span class='ocrx_word' id='word_1_162' title='bbox 1034 2372 1047 2410; x_wconf 91' lang='lat' dir='ltr'>i</span> <span class='ocrx_word' id='word_1_163' title='bbox 1058 2385 1085 2411; x_wconf 90' lang='lat' dir='ltr'>u</span> <span class='ocrx_word' id='word_1_164' title='bbox 1097 2385 1127 2411; x_wconf 81' lang='lat' dir='ltr'>s.</span> 
     </span>
    </p>
   </div>
   <div class='ocr_carea' id='block_1_6' title="bbox 268 2439 1255 2493">
    <p class='ocr_par' dir='ltr' id='par_1_7' title="bbox 268 2439 1255 2493">
     <span class='ocr_line' id='line_1_33' title="bbox 268 2439 1255 2493; baseline 0.002 -15"><span class='ocrx_word' id='word_1_165' title='bbox 268 2439 387 2479; x_wconf 68' lang='lat' dir='ltr'>Vade</span> <span class='ocrx_word' id='word_1_166' title='bbox 418 2440 458 2479; x_wconf 90' lang='lat' dir='ltr'>in</span> <span class='ocrx_word' id='word_1_167' title='bbox 490 2452 591 2493; x_wconf 85' lang='lat' dir='ltr'>pace</span> <span class='ocrx_word' id='word_1_168' title='bbox 622 2439 822 2492; x_wconf 82' lang='lat' dir='ltr'>citiusque</span> <span class='ocrx_word' id='word_1_169' title='bbox 852 2440 904 2479; x_wconf 86' lang='lat' dir='ltr'>ad</span> <span class='ocrx_word' id='word_1_170' title='bbox 934 2453 998 2479; x_wconf 89' lang='lat' dir='ltr'>me</span> <span class='ocrx_word' id='word_1_171' title='bbox 1030 2443 1255 2481; x_wconf 84' lang='lat' dir='ltr'>revertere.</span> 
     </span>
    </p>
   </div>
   <div class='ocr_carea' id='block_1_7' title="bbox 841 2531 1079 2538">
    <p class='ocr_par' dir='ltr' id='par_1_8' title="bbox 841 2531 1079 2538">
     <span class='ocr_line' id='line_1_34' title="bbox 841 2531 1079 2538; baseline 0 401"><span class='ocrx_word' id='word_1_172' title='bbox 841 2531 1079 2538; x_wconf 95' lang='lat' dir='ltr'> </span> 
     </span>
    </p>
   </div>
   <div class='ocr_carea' id='block_1_8' title="bbox 299 2606 1635 2738">
    <p class='ocr_par' dir='ltr' id='par_1_9' title="bbox 299 2606 1635 2738">
     <span class='ocr_line' id='line_1_35' title="bbox 299 2606 1635 2644; baseline 0 -9"><span class='ocrx_word' id='word_1_173' title='bbox 299 2608 349 2644; x_wconf 61' lang='lat' dir='ltr'>w)</span> <span class='ocrx_word' id='word_1_174' title='bbox 366 2607 648 2640; x_wconf 60' lang='lat' dir='ltr'>sollicitant«,</span> <span class='ocrx_word' id='word_1_175' title='bbox 668 2606 1017 2643; x_wconf 68' lang='lat' dir='ltr'>M.;·0l‹1icnarls‚</span> <span class='ocrx_word' id='word_1_176' title='bbox 1040 2608 1071 2635; x_wconf 90' lang='lat' dir='ltr'>P.</span> <span class='ocrx_word' id='word_1_177' title='bbox 1109 2606 1183 2643; x_wconf 69' lang='lat' dir='ltr'>aia)</span> <span class='ocrx_word' id='word_1_178' title='bbox 1202 2611 1394 2643; x_wconf 66' lang='lat' dir='ltr'>utuntur,</span> <span class='ocrx_word' id='word_1_179' title='bbox 1415 2608 1455 2635; x_wconf 72' lang='grc' dir='ltr'>Μ.</span> <span class='ocrx_word' id='word_1_180' title='bbox 1492 2607 1543 2643; x_wconf 74' lang='lat' dir='ltr'>ln)</span> <span class='ocrx_word' id='word_1_181' title='bbox 1565 2607 1635 2643; x_wconf 78' lang='lat' dir='ltr'>pia·</span> 
     </span>
     <span class='ocr_line' id='line_1_36' title="bbox 371 2653 1635 2689; baseline -0.002 -8"><span class='ocrx_word' id='word_1_182' title='bbox 371 2653 551 2688; x_wconf 71' lang='grc' dir='ltr'>οιΗὶ,Μ.;</span> <span class='ocrx_word' id='word_1_183' title='bbox 575 2653 607 2679; x_wconf 82' lang='grc' dir='ltr'>Ρ.</span> <span class='ocrx_word' id='word_1_184' title='bbox 627 2653 671 2679; x_wconf 67' lang='lat' dir='ltr'>ln</span> <span class='ocrx_word' id='word_1_185' title='bbox 691 2654 891 2687; x_wconf 80' lang='lat' dir='ltr'>piac-ulum</span> <span class='ocrx_word' id='word_1_186' title='bbox 911 2655 1054 2681; x_wconf 62' lang='lat' dir='ltr'>infindere</span> <span class='ocrx_word' id='word_1_187' title='bbox 1070 2655 1098 2680; x_wconf 89' lang='lat' dir='ltr'>in</span> <span class='ocrx_word' id='word_1_188' title='bbox 1119 2655 1286 2688; x_wconf 71' lang='lat' dir='ltr'>piaculo.</span> <span class='ocrx_word' id='word_1_189' title='bbox 1323 2653 1586 2689; x_wconf 70' lang='lat' dir='ltr'>42)-lgnin‚M.;</span> <span class='ocrx_word' id='word_1_190' title='bbox 1608 2654 1635 2679; x_wconf 88' lang='lat' dir='ltr'>in</span> 
     </span>
     <span class='ocr_line' id='line_1_37' title="bbox 368 2698 1635 2738; baseline 0 -11"><span class='ocrx_word' id='word_1_191' title='bbox 368 2700 399 2727; x_wconf 88' lang='lat' dir='ltr'>P.</span> <span class='ocrx_word' id='word_1_192' title='bbox 418 2701 455 2726; x_wconf 71' lang='lat' dir='ltr'>ist</span> <span class='ocrx_word' id='word_1_193' title='bbox 468 2709 484 2726; x_wconf 77' lang='grc' dir='ltr'>ι</span> <span class='ocrx_word' id='word_1_194' title='bbox 501 2698 682 2735; x_wconf 56' lang='grc' dir='ltr'>,πει-ἰάθη,</span> <span class='ocrx_word' id='word_1_195' title='bbox 698 2699 750 2734; x_wconf 74' lang='lat'>⁴³)</span> <span class='ocrx_word' id='word_1_196' title='bbox 769 2707 868 2734; x_wconf 67' lang='lat' dir='ltr'>quan</span> <span class='ocrx_word' id='word_1_197' title='bbox 880 2704 917 2728; x_wconf 78' lang='lat' dir='ltr'>tu</span> <span class='ocrx_word' id='word_1_198' title='bbox 929 2709 956 2727; x_wconf 83' lang='lat' dir='ltr'>m</span> <span class='ocrx_word' id='word_1_199' title='bbox 974 2702 1089 2727; x_wconf 72' lang='lat' dir='ltr'>mutata</span> <span class='ocrx_word' id='word_1_200' title='bbox 1116 2699 1146 2727; x_wconf 89' lang='lat' dir='ltr'>S.</span> <span class='ocrx_word' id='word_1_201' title='bbox 1161 2708 1169 2738; x_wconf 79' lang='lat'><em>3</em></span> <span class='ocrx_word' id='word_1_202' title='bbox 1187 2700 1285 2727; x_wconf 74' lang='lat' dir='ltr'>Celte·</span> <span class='ocrx_word' id='word_1_203' title='bbox 1303 2699 1434 2735; x_wconf 77' lang='lat' dir='ltr'>dagegen</span> <span class='ocrx_word' id='word_1_204' title='bbox 1453 2698 1503 2726; x_wconf 76' lang='lat' dir='ltr'>hat</span> <span class='ocrx_word' id='word_1_205' title='bbox 1521 2702 1635 2734; x_wconf 75' lang='lat' dir='ltr'>quam.</span> 
     </span>
    </p>
   </div>
  </div>
 </body>
</html>
