1702 2939
611 226 898 274 ⁴....932....

68 348 167 390 410.
190 350 268 399 „Et
295 337 375 402 p⁸er
399 363 519 401 quam
548 348 699 388 mundo
729 348 844 386 venit
875 348 1102 387 benedictio
1132 350 1290 388 cuncto.

182 418 316 467 „Hine
342 431 496 457 memor
525 424 634 465 esto,
664 417 740 455 Dei
769 417 952 468 genitrix
981 417 1258 464 sanctissima,
1298 416 1438 463 nostri,

184 487 291 535 „Qui
320 492 360 525 te
390 495 537 533 mente,
567 486 658 533 fide,
688 488 782 524 voto
812 486 1023 524 laudamus
1056 492 1096 524 et
1125 499 1206 531 oro,

181 554 300 604 „Quo
329 555 419 607 pius
448 555 535 607 ipse
566 568 738 605 gregem
768 558 907 606 pastor
937 567 1105 592 servare
1136 554 1299 592 fidelem

176 623 423 674 „Dignetur,
452 623 605 662 veteris
635 623 807 675 depulsa
831 623 976 661 fraude
1006 623 1204 662 draconis.

60 690 155 731 415.
186 692 268 740 „At
299 706 373 731 nos
406 693 549 739 exiles,
579 692 692 730 nulla
720 692 873 730 virtute
905 695 1104 743 potentes,

176 760 262 809 „Te
292 774 466 813 semper,
497 762 608 811 regis
636 763 778 807 mater,
807 773 887 798 non
916 764 1036 807 tacta,
1068 760 1274 812 perennis,

177 830 262 878 „Ao
295 830 344 868 de
377 838 416 868 te
453 830 638 879 genitum
666 842 809 880 regem
837 829 1122 880 dominumque
1150 829 1335 880 polorum

176 897 430 946 „Effe1·imus,
461 898 615 936 crebris
645 898 945 936 conclamantes
973 897 1091 935 simul
1121 898 1219 945 odis,

176 966 375 1014 „Fece-ato
403 970 542 1005 noster
571 966 748 1005 moriens
777 966 899 1018 periit
928 966 1022 1017 quia
1050 966 1190 1014 frater,

62 1033 157 1074 420.
175 1034 283 1082 „Sed
311 1038 526 1088 postquam
549 1036 680 1087 periit,
710 1048 784 1087 per
813 1038 867 1082 te,
897 1047 1014 1073 saera
1042 1035 1175 1086 virgo,
1203 1035 1395 1074 revixit.“

227 1103 304 1142 His
333 1104 461 1150 dietis,
492 1104 675 1142 chartam
703 1105 966 1142 comburebat
993 1104 1264 1152 maledictam,

170 1171 225 1211 Et
255 1185 350 1211 mox
378 1173 619 1225 mysterium
646 1172 795 1210 missae
826 1170 990 1224 perag'it
1020 1172 1212 1211 studiose.

171 1239 262 1279 Hoo
290 1235 358 1279 ubi
386 1241 616 1292 complevit,
645 1241 745 1279 miro
776 1241 994 1293 splendore
1024 1242 1190 1280 refulsit.

170 1308 310 1347 Instar
343 1310 552 1359 surgentis
580 1309 735 1348 Phoebi
765 1310 891 1348 facies
920 1310 1163 1357 vicedomni,

56 1375 150 1417 425.
175 1377 265 1423 Quo
298 1379 444 1416 mentis
475 1378 678 1430 splendor,
718 1378 860 1416 lucens
890 1379 1048 1417 animae
1088 1392 1249 1430 quoque
1278 1379 1430 1419 candor

170 1446 273 1498 Ejus
303 1460 378 1498 per
406 1447 551 1485 faeiem
578 1448 878 1485 monstraretur
906 1447 1152 1486 rutilantem.

169 1513 276 1554 Hinc
305 1518 445 1554 astans
473 1516 659 1568 popuIUS,
689 1516 810 1554 nimia
839 1515 1055 1554 formidine
1083 1518 1232 1564 tactus,

173 1583 406 1622 Altithrono
436 1589 576 1635 grates
606 1584 738 1636 coepit
766 1596 962 1622 resonare
989 1586 1192 1632 tonantes,

173 1650 247 1691 Cui
275 1652 428 1705 placuit
455 1656 684 1692 monstrare
712 1653 791 1691 viri
821 1653 1011 1691 meritum
1036 1652 1275 1691 venerandi.

53 1718 150 1760 430.
173 1720 270 1773 Ipse
303 1721 477 1773 quidem,
509 1734 669 1760 sacrum
697 1724 891 1773 repetens
921 1722 1116 1774 extimplo
1143 1721 1344 1767 locellum,

171 1788 220 1827 In
250 1803 327 1840 quo
358 1790 547 1828 coelestis
577 1790 726 1829 donum
754 1790 903 1829 meruit
930 1790 1108 1842 pietatis,

164 1857 389 1909 Frangitur
421 1859 597 1897 adversa
624 1860 783 1911 fragilis
812 1859 1040 1898 valitudine
1070 1858 1218 1908 carnis,

169 1925 250 1965 Per
281 1927 538 1979 spatiumque
570 1928 692 1967 trium
721 1929 859 1967 morbo
892 1931 1104 1966 crescente
1136 1927 1307 1976 dierum,

166 1994 396 2047 Exemptus
429 1997 705 2049 corruptibilis
735 1997 799 2035 de·
818 2009 984 2035 earcere
1016 1997 1172 2045 earnis,

53 2060 147 2102 435.
172 2063 359 2115 Spiritus,
391 2065 626 2104 aetheream
657 2066 869 2118 plaudens,
901 2066 1085 2105 ascendit
1116 2066 1168 2104 ad
1199 2065 1345 2115 aulam,

164 2132 332 2171 Auxilio
364 2138 529 2172 sanetae
561 2134 688 2173 fultus
720 2135 972 2186 domnaoque
1002 2133 1171 2173 Mariae.

164 2200 328 2239 Scilicet
360 2202 588 2240 extinctum
617 2216 764 2254 eorpus
792 2203 883 2241 nisu
913 2203 1156 2255 populorum

164 2269 260 2321 Ipso
292 2270 368 2308 rite
399 2270 485 2309 loco
516 2271 741 2309 tumulatur
771 2272 924 2310 honore
954 2284 1156 2324 supremO,

166 2337 215 2376 In
249 2352 328 2389 quo
360 2345 504 2377 nactus
537 2347 625 2378 orat
656 2340 829 2387 veniam,
862 2353 984 2391 quam
1013 2341 1148 2379 flendo
1178 2341 1362 2393 rogabat.

53 2404 147 2445 440.
232 2406 343 2445 Talis
376 2413 464 2446 erat
495 2408 702 2460 desperati
732 2422 891 2447 necnon
923 2409 1119 2448 scelerosi

169 2475 296 2523 Finis,
329 2476 397 2528 qui
424 2477 634 2529 proprium
661 2477 800 2516 didicit
831 2478 983 2517 deflere
1014 2485 1174 2519 reatum

82 2665 141 2693 432.
163 2665 302 2701 Fraugi
323 2669 351 2693 ui
373 2667 448 2702 (in),
476 2668 527 2703 M,
549 2669 592 2704 P..
614 2669 643 2697 C.
666 2677 694 2698 ιι.
716 2669 745 2698 S.
776 2670 835 2699 1137.
865 2671 987 2699 nisus.
1018 2670 1057 2699 Μ.
1079 2682 1105 2701 ιι.
1132 2673 1162 2700 P.
1209 2673 1268 2702 440.
1300 2671 1415 2710 despl=

160 2715 250 2747 ruti,
281 2713 320 2740 M.
343 2722 370 2739 ιι.
392 2715 422 2739 Ρ.
