1702 2939
603 239 889 287 *29*

182 364 301 410 Quod
332 366 429 403 tunc
458 366 646 415 percerte
676 361 847 401 Romam
877 362 1092 401 mandatur
1123 359 1235 400 adire

66 433 158 474 670.
177 434 279 481 Quo,
312 433 386 472 sibi
417 433 635 478 subtracto,
665 431 770 482 legis
801 431 1057 469 mandamina
1088 433 1233 470 cuncta

184 503 350 542 Plenius
382 502 421 540 in
451 504 546 539 nato
578 501 878 552 complerentur
910 499 987 537 cito
1020 498 1189 538 Christo.

183 571 367 622 Namque
399 572 542 622 quater
574 569 702 614 denis,
735 581 855 607 cursu
887 568 1073 613 ducente,
1106 569 1283 620 peractis

182 639 370 691 Virginei
400 642 542 691 partus
575 637 764 688 digestim
794 637 871 675 rite
904 637 1056 685 diebus,

180 708 259 747 Hic
289 710 418 747 factor
449 707 636 746 membris
669 707 871 745 coelorum
902 718 1075 757 namque
1109 706 1301 745 tennellis

67 776 161 817 675.
181 776 344 816 Sistitur
374 777 414 815 in
445 776 606 828 proprio
638 787 764 827 parvo
797 788 887 813 cum
916 788 1085 813 munere
1117 775 1279 827 templo,

182 846 298 886 Ulnis
331 851 529 897 exceptus
560 844 742 883 tremulis
770 844 870 895 justi
903 842 1111 891 Simeonis,

183 914 236 954 Et
267 915 404 953 mundi
435 913 629 952 Dominus
661 912 872 963 condignis
905 916 967 951 est
996 912 1235 951 benedictus

183 983 294 1031 Odis,
327 997 380 1022 ex
410 983 496 1035 ipso
524 983 633 1034 justo
666 980 852 1020 simeone
884 984 1046 1020 vetusto

182 1052 351 1091 Necnon
383 1052 536 1090 famosa
568 1051 780 1102 praesagis
812 1051 977 1089 vocibus
1009 1050 1139 1089 Anna.

73 1119 165 1161 680.
184 1120 259 1159 His
292 1134 449 1172 quoque
482 1119 689 1171 completis
716 1120 837 1171 juxta
867 1119 1123 1157 mandamina
1151 1119 1268 1170 legis,

186 1190 251 1228 Ad
282 1190 455 1241 patriani
480 1188 667 1227 Bethlem
698 1188 908 1226 redierunt
940 1188 1124 1239 protinus
1154 1189 1307 1227 urbem.

243 1258 347 1297 Nam
378 1263 468 1310 post
499 1257 599 1295 haec
629 1257 731 1295 binis
763 1257 992 1295 mansurnis
1023 1269 1154 1309 paene
1185 1257 1366 1309 repletis,

186 1326 326 1365 Hostis
357 1328 406 1365 ab
439 1326 560 1364 exilio
591 1326 761 1364 veniens
794 1339 1015 1378 perversus
1046 1338 1195 1374 amaro,

188 1395 308 1441 Quod
341 1395 484 1434 dixere
515 1395 634 1445 magi,
666 1395 859 1433 volvebat
888 1397 1022 1433 mente
1054 1395 1217 1443 dolenti,

77 1463 169 1506 685.
191 1464 243 1504 Se
274 1465 358 1504 nati
389 1465 549 1503 stellam
578 1464 689 1515 regis
720 1464 872 1502 vidisse
904 1464 1101 1502 decoram.

190 1534 306 1573 Haec
336 1534 534 1581 recolens,
566 1546 757 1585 proceres
789 1533 907 1583 regni
938 1533 1141 1584 rogitabat
1171 1533 1334 1582 heriles,

186 1603 252 1642 An
282 1602 491 1641 redeundo
521 1601 631 1652 magi
660 1601 872 1640 venissent
900 1607 1036 1641 mente
1063 1602 1184 1650 fideli,

194 1671 274 1710 Vel
306 1671 402 1723 quid
433 1671 483 1709 de
513 1674 608 1709 nato
640 1670 933 1709 demandarent
964 1671 1039 1709 sibi
1071 1669 1240 1710 Christo.

196 1739 276 1785 Qui
304 1753 400 1779 mox
430 1740 636 1792 responsis
666 1740 819 1792 pariter
850 1740 989 1778 dicunt
1016 1741 1120 1778 bene
1151 1740 1287 1789 firmis,

73 1806 165 1847 690.
183 1808 235 1848 Se
266 1810 436 1856 nescire,
467 1809 576 1859 magi
607 1809 760 1848 suerint
790 1809 823 1847 si
854 1808 959 1848 forte
990 1809 1160 1857 reversi,

187 1878 274 1917 Nec
306 1879 401 1930 quid
432 1878 482 1916 de
513 1880 607 1917 nato
640 1891 735 1916 sese
766 1878 1001 1930 perdiscere
1032 1891 1143 1929 rege.

246 1946 322 1986 His
353 1960 476 1999 super
507 1959 714 1994 accensus,
745 1960 822 1985 rex
851 1946 1040 1985 Herodes
1070 1947 1314 1987 furibundus

193 2015 375 2063 Mittens,
406 2016 584 2054 infantes
617 2015 744 2055 occidi
774 2016 959 2068 protinus
991 2029 1141 2065 omnes,

195 2084 274 2130 Qui
304 2088 401 2123 tunc
430 2084 614 2123 Bethleis
645 2085 819 2132 fuerant,
850 2085 1071 2137 praecepit,
1101 2086 1142 2124 in
1174 2086 1266 2133 oris,

80 2151 174 2193 695.
194 2152 246 2192 Se
278 2166 438 2205 semper
467 2153 617 2200 vivum,
649 2165 832 2205 sperans,
865 2154 1110 2204 extinguere
1141 2152 1345 2193 Christum

189 2222 327 2262 Posse.
360 2221 441 2260 Sed
471 2221 511 2260 in
542 2222 691 2260 somnis
721 2222 908 2270 monitus,
940 2221 1093 2274 Joseph
1123 2224 1384 2262 venerandus

190 2290 334 2342 Pergit
363 2291 404 2329 in
434 2290 672 2343 Aegyptum
699 2291 806 2329 vasti
836 2304 911 2343 per
942 2291 1061 2330 devia
1092 2305 1230 2331 secum

186 2359 403 2399 Deducens
435 2359 558 2398 eremi
589 2359 731 2399 Jesum
761 2373 851 2399 cnm
880 2361 1009 2399 matre
1040 2362 1247 2411 tenellum,

195 2429 301 2468 Novi
331 2429 539 2468 terrestris
571 2427 730 2468 Christo
763 2429 992 2468 dominante
1023 2430 1188 2469 timoris.

81 2495 171 2548 700.
191 2498 306 2537 Talia
337 2500 411 2538 sed
442 2499 558 2538 solito
590 2499 688 2538 fecit
717 2499 869 2550 pietate
900 2512 1089 2551 superna,

112 2633 173 2661 (510.
199 2641 236 2659 se
264 2633 430 2667 subtracto,
463 2634 493 2662 C.
515 2643 542 2660 u.
571 2633 600 2660 S.
638 2635 698 2662 672.
722 2643 810 2661 eursu
831 2635 994 2668 dicente,
1015 2634 1056 2661 Μ.
1074 2643 1103 2663 u.
1127 2635 1157 2661 P.
1203 2633 1264 2664 674.
1293 2634 1447 2660 membri

200 2678 408 2712 seclorum,
434 2679 487 2715 M.;
508 2689 521 2706 ε
542 2681 639 2706 wurde
659 2682 688 2706 in
707 2681 757 2708 der
775 2681 925 2716 Meinung,
945 2689 976 2708 es
998 2681 1106 2716 gehbre
1125 2690 1159 2708 zu
1185 2682 1326 2715 celorum,
1348 2681 1452 2707 radin-t.

203 2726 353 2752 membri
376 2725 553 2760 celorum,
574 2726 608 2755 P.
