1702 2939
790 224 1070 271 ..53-

356 347 438 389 Sed
467 345 595 388 tristis
622 345 809 386 meritam
838 343 985 384 mentis
1014 343 1277 395 mitigaverat
1305 341 1406 383 iram

414 417 610 469 Princeps
642 412 885 466 Gongolqu,
919 413 1071 452 arbiter
1103 412 1309 464 egregius,

240 485 334 527 425.
357 484 570 530 Mandane,
600 485 645 522 ut
675 483 834 536 propria
867 481 1148 535 dampnandus
1179 481 1353 520 clericus
1384 492 1485 534 ergo

408 552 619 605 Expulsus
651 551 782 590 subito
813 555 1008 604 pergeret
1038 564 1059 588 e
1091 549 1236 602 patria.

357 621 446 667 Quo
477 633 551 660 sua
581 621 786 659 finetenus
817 620 922 658 mala
953 618 1126 657 defleret
1155 617 1396 666 scelerosus,

420 688 612 728 Seclusus
643 688 773 741 patria
805 694 845 727 et
874 688 993 726 datus
1025 686 1158 733 exilio,

354 757 406 797 Et
437 758 561 796 donat
589 757 778 795 miseram
808 756 952 796 veniae
986 756 1199 794 miseratus
1231 756 1397 803 honore,

246 825 339 866 430.
419 825 536 867 Ultra
567 825 639 864 sed
670 825 834 878 proprio
865 837 944 863 non
978 825 1083 863 locat
1113 823 1152 862 in
1183 823 1371 863 thalamo.

474 894 570 934 Post
602 894 701 932 haec
730 892 919 943 Gongolfi
952 893 1059 931 fama
1088 894 1302 931 crescente
1333 891 1456 940 beati,

417 962 642 1001 Laudatrix
674 962 783 1001 vitae
815 974 917 1013 quae
950 961 1025 1000 fuit
1052 959 1261 1006 almificae,

356 1030 494 1070 Vaffer
525 1031 717 1083 deceptor
748 1030 951 1068 hominum
982 1033 1202 1081 captorque
1234 1040 1406 1075 reorum,

419 1099 628 1138 Evolvens
659 1099 780 1138 bilem
811 1098 987 1137 invidiae
1018 1104 1217 1142 veterem,

242 1167 334 1208 435.
357 1169 589 1208 Fraudibus
621 1168 851 1217 omnigenis
883 1167 1073 1219 antiquae
1105 1165 1337 1205 calliditatis

421 1236 654 1289 Temptavit
685 1237 831 1275 famam
863 1248 1064 1274 evacuare
1095 1236 1251 1281 bonam,

366 1305 427 1344 'Ne
460 1318 575 1357 gens,
608 1305 796 1357 exemplo
828 1304 898 1343 tali
930 1307 1123 1355 tantoque
1155 1314 1278 1342 suasa

420 1374 540 1419 Ante,
573 1374 749 1425 superba
781 1386 854 1411 sua
885 1373 989 1411 colla
1021 1372 1139 1410 daret
1169 1371 1350 1411 Domino.

361 1441 561 1494 Tempore
592 1447 689 1480 tunc
721 1442 841 1493 longo
873 1441 1036 1479 sudavit
1068 1440 1212 1479 fraude
1242 1439 1423 1491 maligna

250 1509 344 1550 410.
419 1509 604 1549 Laedere
637 1510 846 1556 famosum,
879 1522 955 1548 nec
986 1508 1125 1555 valuit,
1158 1508 1360 1555 duculum,

360 1578 407 1617 In
439 1579 546 1618 soles
578 1579 670 1630 quia
700 1579 826 1617 multo
857 1577 987 1629 magis
1018 1577 1080 1616 vis
1112 1577 1241 1616 crevit
1271 1575 1418 1616 amoris

416 1647 532 1686 Illius
562 1647 699 1698 magni
731 1647 920 1685 cordibus
951 1646 991 1684 iu
1022 1645 1172 1698 populi.

473 1715 686 1754 Postremo
718 1715 872 1754 fraudis
904 1715 1095 1753 miserum
1127 1713 1395 1753 circumdedit
1421 1712 1555 1761 armis,

416 1783 547 1829 Quem
577 1783 745 1822 sceleris
777 1795 899 1822 causa
930 1783 1112 1835 reppulit
1142 1795 1164 1821 e
1195 1782 1338 1836 patria,

247 1850 337 1892 445.
362 1851 583 1903 Sanguinis
617 1852 804 1903 huncque
837 1852 903 1890 siti
930 1851 1053 1903 jussit
1084 1851 1249 1890 fervere
1281 1850 1458 1904 superbi,

416 1919 503 1958 Nec
533 1919 653 1958 scivit
682 1920 847 1972 proprio
878 1932 1049 1972 parcere
1077 1920 1161 1971 jam
1192 1919 1363 1959 domino.

359 1987 448 2026 Tali
478 1987 654 2026 suffusus
686 1988 821 2026 subito
853 2001 941 2026 cum
974 1988 1070 2026 felle
1101 1987 1283 2026 misellus

419 2055 466 2095 In
499 2065 670 2094 mortem
693 2055 793 2107 justi
825 2059 989 2096 aestuat
1017 2059 1140 2108 atque
1169 2055 1236 2108 pii,

358 2125 431 2170 Ac,
464 2124 580 2177 parili
611 2134 806 2176 repetens
837 2137 1010 2176 ganeam
1042 2125 1205 2164 feritate
1236 2123 1469 2175 malignam,

250 2191 344 2231 450.
425 2192 491 2231 Illi
523 2193 694 2232 nudavit
724 2193 868 2241 omnia,
900 2206 1004 2245 qnae
1035 2193 1200 2232 studuit.

357 2260 480 2300 Ocius
512 2261 623 2308 haec,
656 2262 744 2313 ejus
773 2261 924 2314 pravis,
957 2262 1055 2300 heu!
1089 2260 1251 2300 subdita
1276 2259 1398 2308 votis,

421 2329 602 2381 Optavit,
634 2330 751 2369 cit-ius
777 2330 862 2382 jam
893 2328 981 2369 fieri
1013 2329 1180 2378 facinus,

365 2397 515 2435 Tondit
545 2400 586 2435 et
614 2397 780 2436 insidias
807 2399 918 2450 justo
949 2398 1053 2436 clam
1082 2410 1229 2450 nempe
1258 2396 1470 2444 nefandas,

423 2465 625 2504 Inmemor
657 2466 859 2518 antiquae,
891 2467 966 2505 ab!
997 2467 1160 2518 penitus
1190 2465 1348 2514 veniae,

246 2533 341 2573 455.
365 2533 456 2579 Qua
499 2546 542 2571 se
576 2533 625 2571 de
657 2547 787 2586 poena
818 2534 939 2573 solvit
965 2534 1048 2585 jam
1084 2535 1160 2573 rite
1192 2534 1385 2586 paranda,

280 2645 342 2673 ns.
365 2644 438 2671 Sed
464 2644 598 2679 pul-u·
626 2645 761 2678 patria,
792 2645 823 2671 C.
846 2653 873 2671 u.
895 2645 924 2671 S.
966 2645 1023 2674 23².
1045 2645 1208 2678 invidit,
1230 2644 1339 2678 3141».
1361 2645 1497 2680 terrigia
1518 2645 1544 2669 5η
1574 2645 1621 2670 ln-

365 2691 497 2717 vidiae.
534 2690 595 2719 454.
621 2691 708 2718 vah.
729 2690 759 2718 C.
780 2699 807 2715 n.
834 2691 863 2717 S-
