1702 2939
81 460 172 501 150.

601 206 916 249 -345—

188 322 295 371 „Qui
326 325 448 376 caput
479 324 677 363 ecclesiae
708 325 792 363 toto
824 324 1043 364 dominaris
1074 324 1115 363 in
1147 326 1267 375 orbe3

188 392 317 441 „Quo,
350 393 383 431 si
414 393 520 432 forte
551 394 623 432 tibi
652 394 815 446 placeat
845 394 1006 433 devotio
1037 393 1178 442 nostri,

194 462 430 510 „Auxilium
462 464 687 515 praebente
720 465 791 502 tua
821 463 973 515 pictate
1004 469 1189 515 paterna,

187 530 335 579 „Quod
366 531 471 570 votis
503 532 695 583 gerimus,
727 532 846 571 factis
877 533 982 571 bene
1013 532 1286 584 perficiamus.

186 600 274 648 „Ac
304 602 348 639 tu
377 624 435 628 —
467 601 678 639 consilium
709 601 826 639 nimis
856 601 1001 640 merito
1031 601 1263 652 flagitamus
1294 625 1351 630 —

186 668 425 721 „Susceptis
458 669 573 708 donis
605 670 795 709 clementi
825 671 991 722 pectore
1022 670 1185 718 nostris,

163 738 378 786 „Scilicet
410 741 450 777 et
480 738 592 789 regis
625 739 858 790 compulsus
891 751 1028 777 amore
1060 739 1264 791 perennis,

75 1147 90 1188 ]
102 1148 166 1188 60.

98 2593 153 2620 152.

131 807 388 856 ..,‚Pracsta
420 809 653 846 sanctorum
683 807 798 846 nobis
829 819 946 846 sacra
976 808 1161 859 pignora,
1195 822 1368 859 quorum

185 876 352 924 „Omnis
385 876 566 915 coenobii
597 876 844 915 constructio
876 876 1005 928 possit
1036 876 1180 915 honori

186 945 319 996 „Apte
352 945 518 995 signari,
551 944 677 983 sacris
708 944 945 996 meritisque
976 945 1095 984 tueri.

187 1012 347 1064 „thue
379 1013 431 1052 sit
461 1015 615 1065 absque
642 1014 743 1065 jugo
774 1027 920 1065 regum
950 1027 1025 1066 per
1056 1014 1193 1053 saecla
1237 1015 1450 1066 potentum

185 1081 298 1129 „Nec
329 1084 585 1122 terrenorem
614 1083 794 1134 patiatur
825 1082 907 1120 vim
936 1082 1200 1130 dominorum,

190 1149 305 1198 „Hoc
336 1150 508 1190 rectoris
540 1151 750 1202 apostolici
782 1151 911 1190 solum
941 1150 1083 1190 ditioni

182 1219 467 1266 „Tradidimus
500 1220 551 1258 ad
582 1219 889 1258 defendendum
919 1220 1156 1272 pariterque
1186 1220 1451 1272 regendum.“

181 1286 297 1326 Haec
330 1288 424 1326 dux.
484 1287 539 1327 Et
571 1301 752 1327 summus
784 1289 951 1340 praesul
984 1289 1041 1328 sic
1074 1288 1245 1340 Sergius
1277 1303 1393 1329 orsus

184 1356 342 1408 Inquit:
375 1356 460 1405 „Te
491 1357 577 1396 miti
605 1357 839 1409 conplector
869 1359 1048 1410 pectore,
1081 1358 1150 1406 fili,

181 1423 529 1477 „Consortemque
563 1429 673 1465 tuam
702 1426 857 1478 pariter
889 1426 1124 1479 conplector
1155 1427 1380 1476 amandam,

155 1493 347 1546 .‚‚Atque
377 1495 453 1547 piis
485 1495 628 1534 studiis
660 1495 846 1546 gaudens
879 1495 1117 1546 congaudeo
1149 1496 1312 1545 vestris,

182 1563 295 1611 „Nec
325 1564 440 1602 vobis
473 1564 593 1603 credo
626 1565 688 1603 fas
721 1577 812 1602 esse
844 1576 1002 1614 negare
1034 1564 1174 1616 petita.

180 1631 284 1680 „Hic
317 1633 394 1672 duo
427 1636 609 1672 rectores
641 1633 806 1671 fuerant
837 1633 1054 1683 aliquando
1086 1635 1289 1685 potentes,

183 1700 382 1749 „Praesul
412 1701 657 1740 Anastasius
689 1701 798 1740 sedis
830 1701 1110 1739 sanctissimus
1145 1702 1278 1755 hujus,

180 1769 260 1818 „Et
291 1771 585 1822 coapostolicus
615 1783 733 1809 sacer
763 1770 1029 1809 Innocentius
1062 1771 1170 1823 ejus3

136 1836 160 1876 ⁷.
182 1839 290 1887 „Qui
318 1842 410 1891 post
440 1842 646 1892 pastorem
676 1840 846 1879 Petrum
876 1839 1130 1891 Paulumque
1160 1840 1403 1892 magistrum

177 1907 416 1956 „Ecclesiae
448 1908 602 1947 meritis
635 1909 820 1947 celebres
853 1908 1006 1946 fulsere
1040 1909 1262 1960 supremis3

177 1976 387 2023 „Quorum
418 1979 501 2016 tam
531 1990 682 2029 magna
714 1980 934 2016 servantur
967 1990 1138 2029 corpora
1171 1990 1269 2017 cura

177 2044 415 2092 „Hactenus
447 2058 470 2084 a
502 2047 659 2085 cunctis
690 2047 811 2099 hujus
842 2047 1070 2085 rectoribus
1102 2046 1226 2095 urbis,

180 2113 262 2160 „Ut
291 2126 368 2152 nec
398 2115 638 2166 particulam
671 2115 886 2166 quisquam
917 2115 1171 2154 subtraxerit
1200 2129 1390 2167 unquam,

119 2194 156 2221 4.
177 2182 328 2231 „Pleno
358 2184 631 2222 membrorum
661 2197 830 2222 numero
862 2186 1101 2222 remanente
1133 2196 1354 2225 sacrorum.

175 2250 284 2300 „Sed
316 2251 408 2302 quia
435 2253 531 2303 jure
562 2251 638 2303 piis
672 2252 898 2291 concedere
929 2252 1057 2291 debeo
1089 2252 1207 2301 votis,

176 2321 424 2368 „Amborum
455 2321 570 2360 vobis
602 2321 758 2360 donabo
790 2321 963 2373 pignora
994 2321 1135 2372 gratis,

174 2388 449 2442 „Corporibus
481 2389 608 2428 sacris
639 2390 798 2428 abscisa
828 2391 1018 2442 patenter
1050 2391 1099 2430 ab
1130 2390 1251 2444 ipsis3

178 2592 412 2627 Actu‚1„ck.;
445 2592 466 2618 Α
496 2594 528 2618 te
555 2592 866 2627 consiliumque,
897 2592 941 2620 H„
967 2593 1018 2619 Lb.
1040 2592 1168 2628 folgend.
1211 2596 1269 2622 157.
1290 2597 1434 2622 mentis-

179 2647 263 2672 que,
289 2639 362 2674 Ap.;
385 2640 633 2673 meritisque,
659 2639 712 2667 Lb.
755 2640 810 2666 161.
834 2640 1048 2674 regundum„
1069 2640 1104 2668 H.
1148 2641 1205 2668 ¹62.
1226 2641 1268 2667 At
1288 2650 1432 2675 summus,

181 2685 214 2710 Η.
256 2686 312 2712 166.
332 2685 377 2710 ias
397 2693 462 2710 esse
483 2685 578 2718 credm
601 2685 654 2719 Ap.
695 2686 753 2713 178.
774 2686 926 2720 abcisa,
947 2686 1012 2721 Ap„
1035 2686 1106 2712 Lck.
1126 2695 1155 2714 ιι.
1177 2686 1213 2714 Η.
