1702 2939
668 233 986 275 -119—

162 351 228 393 25.
307 350 424 392 Haeo
454 350 599 403 Agnes
631 363 743 401 erge,
772 350 927 388 moritis
960 350 1183 389 clarissima
1213 350 1344 402 virgo,

245 419 431 459 Carmine
462 433 541 457 non
569 419 676 458 culto
708 419 852 470 pangit
883 430 1003 469 quam
1034 421 1173 457 nostra
1206 431 1387 466 camena,

244 488 368 530 Urbis
402 489 581 526 famosae
611 487 858 540 praenobilis
889 487 1021 525 incola
1050 486 1218 535 Romae,

245 556 401 595 Procliit
433 557 630 595 almorum
661 556 771 594 clara
803 555 853 592 de
886 555 1011 607 stirpe
1042 559 1272 607 parentum,

244 624 408 678 Inclyta
438 625 627 663 nobilitas
659 636 759 675 quos
790 623 908 662 vexit
939 626 980 662 et
1010 624 1116 662 alma
1145 625 1341 676 potestas,

167 690 233 732 30.
257 692 381 732 Ortus
413 697 535 744 atque
568 693 630 731 sui
660 692 919 744 respondens
950 693 1161 731 nobilitati.

242 761 420 800 Pulchra
451 761 527 799 suit
558 761 662 799 facie
693 761 868 812 fideique
902 761 1050 800 decora
1080 761 1224 808 nitore,

238 829 476 881 Praecipuis
507 829 672 867 nimium
701 830 857 868 meritis
888 830 1120 881 mundoque
1152 829 1351 879 celebris3

241 897 358 942 Quae
388 910 493 945 nam,
525 898 651 936 tincta
683 898 789 936 sacri
820 910 923 950 pura
954 898 1207 950 baptismatis
1238 897 1349 936 unda

241 964 296 1004 Et
327 966 377 1003 de
410 966 547 1004 delicti
577 967 745 1005 maculis
775 966 971 1004 mundata
1000 966 1174 1013 veterni,

157 1032 222 1073 35.
245 1033 298 1073 Se
330 1036 455 1072 totam
487 1033 647 1073 Christo
668 1034 836 1073 devovit
865 1036 1001 1073 mente
1032 1035 1224 1086 benigna,

236 1102 396 1150 Nitens,
429 1106 595 1141 servata
626 1105 729 1142 bene
759 1103 997 1153 virginitate
1029 1104 1160 1151 beata,

241 1169 446 1223 Spernere
480 1172 667 1210 carnales
698 1171 868 1210 affectus
900 1171 1062 1210 fortiter
1093 1184 1245 1220 omneS‚

235 1238 411 1278 Coelibis
444 1243 485 1278 et
514 1240 625 1278 vitae
657 1240 803 1288 durum
833 1240 1039 1278 luctamen
1069 1240 1186 1288 inire,

237 1306 339 1356 Quo,
371 1309 522 1347 victrix
554 1308 682 1347 hostis
715 1309 991 1360 corruptelam
1023 1308 1246 1356 suadentis,

145 1373 212 1415 40.
235 1376 361 1427 Jungi
392 1377 596 1416 coelicolis
627 1377 847 1415 meruisset
874 1377 916 1415 in
947 1376 1115 1415 aethere
1147 1376 1311 1415 sanctis.

288 1444 377 1493 Ast,
408 1445 476 1484 ubi
505 1446 636 1484 lustra
667 1446 746 1484 duo
778 1446 903 1483 celeri
933 1458 1056 1484 eursu
1085 1445 1287 1493 revoluta,

232 1512 409 1565 1nsuper
440 1517 481 1552 et
510 1516 650 1552 ternos
682 1514 828 1553 aetatis
859 1513 1022 1552 transiit
1052 1525 1193 1561 annos,

237 1580 481 1633 Siniphronii
513 1582 679 1629 comitis,
710 1581 910 1634 praefecti
939 1582 1095 1621 scilicet
1123 1582 1248 1631 urbis,

234 1649 375 1697 Filius,
405 1650 578 1700 insignis
604 1650 800 1701 juvenilis
833 1652 1045 1688 stemmate
1076 1649 1200 1698 floris,

151 1715 218 1756 45.
241 1717 358 1756 Illius
391 1718 545 1756 formae
578 1718 703 1756 decus
734 1720 779 1757 ut
808 1718 910 1756 vidit
939 1718 1161 1770 speciosae,

239 1786 401 1825 Affeotu
433 1786 552 1825 nimio
585 1787 718 1825 cordis
750 1799 974 1838 suspensus
1005 1786 1046 1824 in
1077 1786 1158 1835 illa,

233 1853 353 1892 Hane
384 1855 458 1893 sibi
488 1867 587 1906 prae
620 1854 776 1893 cunctis
804 1867 927 1892 unam
957 1854 1114 1905 delegit
1144 1854 1370 1903 amandam,

233 1924 285 1961 Se
316 1923 568 1962 fortunatum
600 1923 772 1961 credens
805 1925 845 1961 et
875 1923 1096 1961 honoribus
1127 1924 1279 1975 aptum,

232 1990 275 2030 Si
306 1994 387 2030 tam
416 1992 713 2043 praepulchrae
744 1991 965 2030 meruisset
995 1992 1147 2029 habere
1178 1992 1342 2043 puellae

143 2057 208 2097 50.
230 2060 375 2098 Dulcia
404 2073 479 2111 per
508 2060 697 2111 propriae
729 2064 890 2112 tenipus
922 2060 1126 2098 consortia
1156 2059 1277 2098 vitae.

227 2127 334 2165 Hine
365 2128 475 2166 illam
506 2128 615 2175 adiit,
646 2128 783 2166 multis
824 2128 1038 2166 comitatus
1070 2127 1219 2174 amicis,

196 2196 487 2247 -])esp0nsare
518 2197 661 2234 volens
692 2208 882 2247 sponsam
913 2194 1064 2234 Christi
1095 2196 1385 2242 venerandam,

225 2263 430 2315 Pluraque
464 2264 513 2302 de
544 2264 671 2316 patris
703 2272 960 2316 comportans
987 2276 1158 2302 munera
1189 2264 1314 2315 gaziS‚

227 2333 384 2371 Stultus
415 2333 608 2384 speravit,
640 2333 747 2383 quod
778 2334 1020 2384 perpetrare
1050 2333 1248 2384 nequivit,

137 2397 202 2438 55.
231 2400 407 2450 Virginis
439 2404 483 2439 ut
514 2401 700 2439 stabilem
731 2400 846 2439 (lonis
878 2414 1139 2452 corrumpere
1169 2403 1350 2440 mentem

223 2468 339 2506 Illius
371 2472 412 2507 et
442 2469 549 2521 turpi
579 2470 829 2521 conjungcre
861 2471 1000 2521 posset
1029 2469 1164 2508 amori.

143 2657 188 2685 33.
214 2657 296 2684 Quae
317 2659 409 2691 jam,
437 2658 468 2686 C.
490 2659 562 2686 u.S.
623 2658 664 2686 43.
686 2658 963 2693 Sempronius,
989 2659 1019 2686 C.
1046 2668 1073 2686 u.
1101 2659 1130 2685 S.
1192 2661 1236 2688 53.
1262 2659 1434 2694 patriis,
1455 2658 1486 2684 C.

213 2712 238 2729 u.
266 2705 295 2729 5.
332 2705 376 2731 56.
402 2705 553 2738 possit.
575 2705 607 2731 C.
629 2713 657 2731 u.
682 2705 715 2732 S.
