1702 2939
610 198 925 241 -103—

198 316 320 357 Eruit
349 318 391 356 et
424 316 609 371 proprios
640 329 794 355 summo
826 316 876 354 de
907 315 1063 355 vertice
1093 316 1208 369 pilos,

199 386 368 429 Necnon
400 386 641 425 verberibus
671 384 850 437 pulsavit
880 385 1022 424 sedulo
1053 386 1208 437 pectus,

201 454 301 494 Cum
331 454 506 494 lacrimis
538 455 641 493 tales
674 466 875 506 spargens
906 466 1030 504 supra
1060 454 1230 492 aethera
1259 465 1402 493 voces:

86 521 177 564 155·
197 524 417 575 „Quisquis
448 523 691 576 praedulces
722 535 802 561 non
832 522 924 560 vult
954 522 1094 560 audire
1125 524 1330 575 parentes,

199 592 455 644 „Numquam
486 592 680 638 salvatur,
714 590 820 642 quod
851 590 928 628 hac
959 590 1116 630 ratione
1147 592 1354 643 probatur.

197 661 329 711 „Heu,
361 661 452 709 heu,
484 660 745 712 splendorem
773 658 852 697 diei
884 671 956 697 cur
986 661 1082 698 nata
1113 659 1264 712 recepi,

195 729 302 779 „Vel
334 742 406 768 cur
437 729 625 768 continuo
656 741 736 767 non
768 740 857 766 sum
887 739 1082 766 concessa
1113 729 1352 780 sepulchro!

199 798 378 847 „Infelix
409 799 571 837 foveam
602 797 791 836 caderem
821 808 872 834 ne
903 796 1044 835 mortis
1075 796 1116 835 in
1143 798 1309 836 atram.“

85 866 175 907 160.
251 867 368 906 Haec
400 867 494 905 dum
524 867 687 905 tristitia
719 865 879 904 dicebat
911 864 1157 914 continuata,

200 934 361 988 Conjux
390 935 499 974 illius
531 935 662 974 subito
694 933 808 973 venit
838 932 1068 972 scelerosus

196 1004 252 1044 Et
282 1005 331 1044 de
363 1017 407 1043 se
439 1005 563 1043 falsas
589 1003 746 1056 juravit
776 1015 844 1040 res
876 1001 963 1040 fore
996 1002 1137 1042 dictas.

195 1073 312 1119 Quae
342 1087 437 1112 mox
470 1072 671 1112 constanti
700 1070 922 1122 respondet
952 1084 1053 1110 voce
1084 1072 1273 1124 neganti:

196 1142 264 1189 „Si
293 1156 388 1181 reus
419 1142 598 1193 ingentis
631 1141 776 1193 culpae
802 1140 888 1191 jam
919 1138 1096 1192 denique
1126 1155 1208 1180 non
1238 1141 1305 1190 sis,

84 1208 174 1250 165.
193 1210 369 1258 „Laetus
401 1210 453 1250 ad
480 1210 694 1249 ecclesiam
723 1220 881 1248 mecum
922 1225 1013 1252 oras
1052 1210 1215 1265 pergit-,0
1257 1210 1451 1258 sanctam,

195 1280 311 1329 „Illic
342 1282 383 1319 et
411 1281 576 1319 sanctae
607 1280 771 1318 celebra
802 1279 1042 1334 sollempnia
1072 1279 1257 1318 missae.“

197 1349 288 1394 Qua
318 1361 415 1387 mox
445 1348 631 1387 devictus
658 1350 770 1401 justa
801 1348 959 1389 ratione
989 1349 1185 1395 misellus,

200 1416 375 1457 Causam
406 1418 608 1457 commissi
635 1417 821 1457 narravit
850 1430 1024 1471 namque
1055 1416 1187 1470 piacli.

195 1486 367 1538 lllaque,
398 1487 611 1526 mollitiem
636 1488 721 1539 jam
750 1488 959 1540 deponens
989 1487 1231 1527 muliebrem

86 1553 177 1595 170.
199 1555 253 1594 Et
284 1568 449 1594 sumens
479 1556 590 1594 vires
619 1557 813 1608 prudenti
843 1558 966 1597 corde
995 1556 1149 1603 viriles,

198 1623 301 1664 Mox
328 1624 379 1662 ad
405 1623 603 1663 Basilium
632 1626 823 1664 currebat
852 1638 1027 1677 namque
1059 1625 1224 1663 beatum

201 1692 384 1740 Necnon,
414 1693 600 1743 vestigiis
633 1705 769 1732 coram
795 1696 1002 1746 prostrata
1030 1691 1214 1740 sacratis,

204 1761 344 1802 Utitur
375 1761 437 1799 his
465 1761 615 1809 verbis,
644 1763 807 1802 turbato
838 1764 1005 1816 pectore
1033 1762 1156 1801 fusis:

257 1829 433 1878 „Sancte
462 1830 550 1878 Dei,
583 1831 761 1870 clemens
790 1832 906 1870 nobis
933 1844 1129 1871 succurre
1158 1829 1340 1878 misellis,

90 1896 181 1938 175.
203 1897 284 1947 „Et
312 1899 431 1937 trahe
464 1899 514 1938 de
543 1899 660 1938 tetris
691 1900 805 1939 saevi
832 1914 906 1940 nos
936 1901 1120 1940 faucibus
1149 1900 1288 1948 hostis,

202 1967 308 2015 „Qui
339 1969 500 2007 nostras
531 1968 701 2020 fragiles
728 1970 858 2021 jactat
886 1982 930 2010 se
961 1969 1136 2022 perdere
1167 1971 1326 2008 mentes
1340 1971 1376 2008 !“

208 2035 389 2088 Cumque
418 2037 580 2076 modum
611 2038 754 2089 culpae
785 2038 1009 2077 denudavit
1037 2037 1112 2077 sibi
1141 2039 1293 2085 tantae,

203 2105 390 2144 Vertitur
420 2106 471 2144 ad
503 2119 667 2145 servum
696 2107 864 2158 praesul
891 2106 1042 2146 domini
1072 2106 1334 2155 scelerosum,

202 2173 265 2213 Ac
295 2174 429 2227 coepit
455 2175 593 2213 verbis
623 2175 736 2213 illum
766 2175 947 2226 rogitare
977 2175 1178 2226 benignis,

92 2240 182 2282 180.
204 2242 304 2282 Post
329 2243 464 2282 scelus
493 2243 544 2282 ad
575 2241 780 2282 Christum
808 2243 935 2282 vellet
963 2243 997 2281 si
1026 2246 1192 2283 vertere
1219 2255 1407 2283 sensum.

208 2312 299 2361 Qui,
331 2325 375 2351 se
407 2312 559 2351 salvari
589 2312 825 2363 desperans,
854 2312 1016 2351 dixerat
1044 2312 1123 2350 illi:

205 2383 275 2432 „Si
305 2387 445 2438 posset
474 2383 573 2432 fieri,
602 2383 828 2423 voluissem
856 2385 993 2423 mente
1024 2382 1177 2432 libenti,

167 2595 224 2620 156.
246 2593 322 2627 qnod
343 2594 375 2618 in
403 2593 488 2627 baem,
510 2594 540 2621 (¹.
562 2603 590 2620 u.
616 2593 644 2627 S,
693 2594 747 2622 165.
781 2601 949 2627 sacram,
979 2594 1009 2620 C.
1032 2602 1060 2621 ιι.
1085 2595 1111 2621 8.
1153 2595 1209 2621 166.
1244 2581 1392 2625 celem-3⁸,
1423 2592 1465 2619 Μ.

208 2639 259 2664 das
280 2648 294 2664 s
323 2643 427 2665 sammt
448 2640 737 2674 Abkiirzungsstrich
772 2641 809 2665 ist
834 2639 941 2671 jedoch
962 2647 1019 2665 von
1039 2641 1172 2673 spinei-er
1198 2639 1294 2674 Hand3
1333 2638 1465 2665 illicet

209 2684 431 2718 celebrans,
464 2685 496 2713 C.
519 2694 548 2711 u.
577 2685 606 2712 S.
657 2686 713 2712 174.
742 2685 902 2719 Sancte,
934 2685 974 2711 M.
