1702 2939
622 195 908 248 —17—

85 328 179 372 285.
198 329 287 375 Quo
319 325 470 367 sociata
501 324 628 364 sacris
657 323 900 375 virguncula
930 333 1058 375 parva
1087 319 1236 374 puellis

205 399 373 450 Semper
405 395 551 434 divinis
581 394 662 433 illic
692 393 898 446 perstaret
926 391 969 430 in
1000 391 1097 438 odis,

205 466 336 512 Quem
365 464 507 503 merito
539 463 649 502 cives
681 462 880 501 coelestes
910 460 1031 499 laudc
1063 459 1336 510 frequentant.

254 535 352 574 Post
382 535 494 581 haec,
526 533 565 571 in
596 531 735 584 templi
766 529 1009 569 subsistens*
1021 529 1146 567 limite
1178 527 1295 575 sacri,

200 605 427 644 Ascensum
459 602 660 653 graduum
690 599 820 638 subito
850 602 914 638 ter
945 598 1122 650 quinque
1152 597 1352 649 supinum,

90 672 183 714 290.
200 673 403 712 Inmemor
434 670 591 717 aetatis,
618 670 702 721 jam
731 668 853 720 plena
882 667 982 714 Deo,
1012 666 1192 720 pueriliS,

204 741 413 781 Audacter
444 739 580 787 currit,
610 738 769 776 vultum
798 749 874 775 nec
903 738 1013 775 retro
1044 734 1219 781 reflexit,

199 811 382 855 Quaerat
410 810 456 847 ut
485 810 666 846 astantes
696 806 896 845 infantum
924 818 1035 844 more
1066 806 1270 857 parentes.

261 878 338 917 His
370 890 493 929 super
524 875 695 924 accensi,
725 875 923 913 mirantur
953 873 1127 925 denique
1159 871 1294 912 cuncti

199 948 394 987 Astantes
425 946 573 998 populi,
605 944 745 997 templi
774 944 1008 996 pariterque
1046 941 1231 990 ministri,

84 1015 179 1057 295.
197 1016 414 1056 Pontifices
443 1015 520 1067 ipsi
550 1015 701 1053 factum
731 1013 899 1052 laudant
929 1024 1087 1064 quoque
1118 1010 1248 1064 primi,

198 1086 402 1132 Dicentes,
431 1086 544 1123 tanto
576 1083 682 1135 quod
713 1084 808 1121 tunc
838 1081 1039 1120 infantula
1068 1080 1188 1128 facto,

198 1154 278 1193 Per
311 1167 354 1192 se
387 1153 483 1204 quid
512 1152 612 1200 fieri,
644 1151 941 1203 praesignaret,
974 1150 1051 1188 cito
1082 1149 1221 1201 magni

199 1222 254 1262 Et
283 1235 383 1262 vere
410 1221 559 1273 magni,
592 1220 747 1259 cunctis
777 1219 1001 1271 meritoque
1034 1219 1233 1271 stupendi.

258 1291 377 1337 Quod
408 1290 520 1329 credi
549 1291 690 1342 majus,
719 1289 787 1328 vel
818 1287 926 1340 quod
956 1290 1097 1340 posset
1133 1288 1221 1327 fore
1251 1288 1395 1341 majus,

91 1359 185 1400 300.
206 1360 338 1406 Quam
369 1359 474 1411 quod
504 1359 689 1409 virgineo
720 1357 899 1410 portavit
927 1358 1073 1396 ventre
1103 1357 1241 1411 puella.

199 1428 397 1480 Magnum
427 1428 623 1467 factorem
651 1426 789 1465 mundi
817 1426 1104 1479 propriumque
1135 1427 1377 1479 parentem?

201 1498 289 1536 Nec
318 1497 474 1544 mirum,
505 1495 829 1547 sursumcoepit
856 1494 891 1533 si
920 1495 1049 1546 figere
1081 1508 1281 1547 gressum,

201 1565 343 1604 Infans
373 1564 556 1603 lacteolis
587 1565 722 1602 fuerat
752 1564 848 1602 dum
876 1564 1051 1615 parvula
1078 1564 1282 1613 membris,

211 1633 354 1682 Quam,
385 1632 509 1672 Pater
541 1632 656 1681 alme,
687 1634 756 1671 tuo
788 1632 925 1671 ditasti
954 1632 1116 1671 flamine
1148 1645 1276 1681 sacro,

96 1700 188 1742 305.
207 1702 313 1741 Dum
344 1702 480 1741 fuerat
510 1703 675 1740 sanctae
707 1701 915 1752 genitricis
946 1701 1106 1740 condita
1135 1703 1294 1749 ventre,

208 1771 423 1810 Praescius
452 1771 556 1808 hanc
586 1770 712 1809 solam
743 1772 853 1809 certe
885 1770 1108 1809 consistere
1140 1770 1304 1822 dignam

203 1840 270 1879 Ad
301 1839 452 1892 proprii
481 1841 643 1891 partum
671 1838 757 1877 nati
786 1851 860 1891 per
891 1839 1030 1878 secula
1059 1839 1155 1887 noti,

207 1908 287 1953 Qui
317 1911 420 1960 post,
452 1919 671 1960 corporeae
701 1910 835 1946 tectus
865 1907 1066 1946 velamine
1097 1908 1263 1956 formae,

202 1977 431 2016 Ascensum
461 1977 662 2028 graduum
693 1976 846 2015 cunctis
877 1976 1073 2029 patefecit
1101 1976 1142 2015 in
1173 1989 1332 2025 aevum,

90 2044 183 2085 310.
201 2045 280 2085 Per
312 2059 412 2097 quos
448 2046 500 2084 ad
529 2045 702 2098 patriam
729 2046 904 2084 tendunt
931 2059 1116 2085 remeare
1146 2046 1342 2095 relictam,

203 2113 276 2154 Cui
307 2113 492 2153 Christus
521 2127 680 2164 nomen,
711 2115 775 2153 cui
804 2115 893 2153 laus
925 2115 977 2154 sit
1011 2116 1192 2164 coelitus,
1222 2115 1367 2154 Amen.

261 2182 423 2222 Scilicet
453 2185 494 2222 et
523 2183 714 2235 genitrix,
745 2183 817 2222 tali
846 2183 953 2223 facto
981 2185 1085 2223 bene
1117 2184 1230 2233 felix,

204 2250 460 2292 Conlaudans
491 2265 633 2304 regem
664 2252 809 2291 cecinit
839 2252 896 2291 sic
925 2252 1046 2292 Anna
1074 2266 1318 2306 perennem:

203 2321 492 2374 „Omnipotens
522 2324 668 2369 rector,
698 2321 808 2360 solus
837 2321 1001 2373 pietatis
1031 2324 1198 2371 amator,

90 2388 183 2431 315.
198 2389 456 2440 „Clementer
485 2390 646 2443 propiro
677 2390 810 2429 fecisti
837 2391 939 2429 mira
967 2392 1141 2444 popello,

203 2459 442 2512 „Aspiciens
463 2459 654 2498 humilem
673 2459 901 2499 miserando
931 2472 1063 2498 meam
1084 2473 1243 2513 quoque
1262 2462 1452 2512 mentem,

126 2652 186 2680 302.
208 2654 260 2678 sic
284 2653 388 2687 figere,
408 2652 439 2681 C.
452 2662 479 2680 u.
494 2651 523 2681 S.
543 2652 602 2682 307.
629 2651 792 2688 persennla
817 2654 912 2690 nuti,
935 2652 1044 2683 C.u.S.
1067 2654 1126 2684 310.
1140 2662 1192 2689 per
1211 2662 1312 2689 quas,
1334 2654 1364 2683 C.
1380 2654 1449 2684 u.S·

211 2699 272 2726 3¹2.
291 2700 409 2733 factu,
434 2699 492 2735 M.;
514 2701 545 2728 P.
566 2701 668 2727 auden-t
689 2702 716 2726 in
736 2700 850 2729 facto.

1221 2735 1247 2765 ί)

1220 2763 1244 2776 -1
