1702 2939
61 1323 132 1364 40.

592 212 901 256 -307—

205 765 300 825 Ad
342 765 663 824 Oddonem
706 766 782 823 11.
826 765 1280 842 Imperatorem.

121 1036 128 1045 .
178 983 314 1042 Oddo
346 1002 511 1043 Romani
542 1001 791 1056 praefulgens
827 1000 1021 1055 gemmula
1050 1004 1174 1055 regni,

177 1083 357 1123 Oddonis
390 1083 460 1123 llos
493 1086 648 1136 augusti
680 1083 888 1133 splendens
920 1084 1148 1134 venerandi,

177 1162 250 1203 Cui
282 1176 348 1202 rex
380 1163 626 1218 altithronus,
659 1176 795 1214 perpes
827 1175 978 1215 quoque
1009 1162 1110 1202 filius
1142 1161 1243 1217 ejus,

177 1243 377 1283 Praestitit
405 1246 612 1294 imperium
645 1244 794 1295 pollens
825 1246 864 1282 in
897 1246 1039 1283 vertice
1070 1256 1222 1286 rerum:

179 1323 314 1371 Yilem
348 1336 395 1363 ne
427 1337 587 1375 spernas
619 1324 708 1363 vilis
741 1330 886 1364 textum
918 1323 1114 1375 monialis,

179 1404 299 1451 Quem
334 1407 592 1458 praesentari,
625 1407 657 1443 si
691 1406 863 1457 digneris
894 1406 1105 1454 reminisci,

175 1485 266 1535 Ipse
296 1487 350 1524 tui
385 1485 498 1524 claris
525 1483 686 1538 jussisti
715 1497 835 1535 nuper
866 1483 1012 1533 ocellis,

174 1552 225 1593 Et
256 1567 340 1593 cuin
371 1556 589 1604 perspicias
622 1553 784 1593 maculis
816 1554 1042 1593 sordescere
1074 1553 1232 1604 crebris,

174 1634 234 1673 Ad
268 1634 428 1673 celerem
462 1640 570 1674 tanto
603 1636 756 1673 veniam
790 1646 879 1674 mox
909 1635 1071 1684 pronior
1102 1638 1200 1673 esto.

121 1746 129 1754 .
175 1714 219 1753 In
254 1715 521 1765 monstrando,
554 1717 632 1754 tuis
665 1720 850 1767 quantum
882 1713 968 1764 plus
1000 1725 1117 1764 pareo
1143 1711 1287 1768 jussis,

180 1794 220 1833 Si
253 1797 303 1834 tis
335 1801 541 1845 praecepto
572 1807 649 1834 non
681 1806 842 1847 urgerer
870 1794 1091 1848 metuendo,

176 1873 265 1914 Non
300 1874 399 1915 foret
427 1874 506 1915 ullo
539 1876 654 1915 modo
687 1874 863 1914 mihimet
893 1874 1033 1914 fiducia
1063 1879 1186 1926 tanta,

175 1954 228 1995 [t
259 1956 328 1995 tibi
360 1957 579 2006 praesentis
613 1957 863 1996 scrutandum
896 1957 1125 1995 rusticitatis

177 2036 372 2076 Auderem
405 2038 502 2075 satis
534 2038 714 2089 exiguum
745 2035 939 2088 praeferre
970 2035 1164 2084 libellumg

64 2115 131 2156 50.
182 2115 256 2162 Qui
288 2121 512 2166 praestante
542 2115 627 2156 Deo
659 2119 761 2167 patri
794 2114 1027 2169 subjunctus
1059 2118 1097 2154 in
1131 2114 1233 2169 aula,

181 2196 310 2248 Ipsius
343 2202 384 2236 et
416 2198 574 2236 monitis
606 2202 810 2247 promptus
841 2208 977 2246 parere
1007 2197 1195 2246 paternis,

180 2277 256 2317 Par
288 2278 405 2316 decus
439 2276 594 2327 imperii
626 2278 776 2317 retines
809 2276 1054 2318 concorditer
1085 2274 1217 2326 ampli,

177 2356 425 2409 Conportans
457 2358 592 2396 dextra
622 2363 818 2407 sceptrum
847 2354 977 2409 regale
1008 2355 1161 2396 tenella.

99 2515 141 2544 41.
162 2515 192 2543 C.
213 2524 240 2542 u.
261 2515 294 2542 R.
315 2518 414 2542 senen
436 2515 481 2541 die
496 2514 599 2540 Χῖοι-ἴε
619 2515 665 2548 „si
686 2514 815 2548 dignetis
836 2513 1008 2539 reminisci*
1029 2513 1056 2538 in
1076 2512 1266 2539 Parenthese.
1305 2511 1349 2539 44.
1369 2520 1442 2539 sce·

169 2563 306 2594 lercm,
331 2562 447 2595 M‚‚wie
468 2560 635 2586 nielirmals.
674 2560 716 2587 46.
737 2564 908 2594 urgeret,
930 2559 961 2586 R.
1000 2558 1042 2586 47.
1065 2567 1182 2593 usque
1205 2559 1302 2592 modo,
1324 2559 1354 2585 C.
1368 2559 1440 2585 u.R.

169 2607 209 2635 49.
233 2608 291 2633 Dei·
312 2608 382 2633 Cod.
409 2607 492 2632 hatte
521 2606 619 2639 urs'pr·
644 2607 851 2639 Audarem,
871 2606 902 2632 P.
925 2605 1109 2638 Laudare,
1139 2606 1186 2630 fiir
1207 2605 1258 2630 :las
1290 2612 1354 2630 vom
1375 2604 1442 2630 Cor·

169 2657 266 2680 rector
293 2653 472 2678 auderem
500 2660 535 2677 an
564 2652 618 2677 den
639 2652 719 2678 Rand
745 2654 857 2686 gesetzt
877 2651 994 2685 wurde3
1028 2650 1221 2685 perferre,
1245 2650 1290 2685 C·,
1310 2650 1341 2676 S.
1360 2659 1388 2676 u.
1409 2650 1442 2676 R.

166 2700 210 2727 51.
231 2699 271 2728 M.
296 2699 375 2725 hatte
394 2707 494 2733 urspr.
515 2707 541 2724 m
555 2699 704 2733 unitus,
726 2698 776 2724 das
797 2697 872 2723 noch
893 2697 923 2723 P.
945 2697 1005 2726 hat.
1074 2731 1130 2772 20
1147 2731 1169 2756 *
