1702 2939
799 236 1116 279 ...242-

787 352 819 393 P
834 365 858 393 a
869 367 894 407 p
908 353 934 393 h
943 367 969 393 n
980 367 1007 393 u
1019 354 1057 393 ti
1069 367 1095 394 ιι
1106 366 1137 394 s.

278 409 561 459 Arithmetica,
592 410 854 463 geometrica,
885 412 1168 452 astronomica.

813 480 849 520 D
864 480 904 519 is
917 493 939 520 c
950 480 962 520 i
973 494 998 533 p
1013 481 1097 520 uli.

278 534 360 576 Cur
392 536 662 589 quadruvium
675 537 695 577 ?

789 594 1138 648 Paphnutius.

281 660 399 710 Quia,
431 663 536 702 sicut
566 675 590 701 a
621 663 845 715 quadruvio
878 664 1061 711 semitae,
1088 663 1145 702 ita
1175 665 1225 702 ab
1257 677 1337 703 uno
1367 664 1646 718 philosophiae

275 730 472 783 principio
488 731 630 770 harum
644 732 948 785 disciplinarum
960 732 1164 784 prodeunt
1174 733 1485 785 progressiones
1497 736 1646 774 rectae.

820 801 1101 853 Discipuli.

276 856 480 896 veremur
512 857 704 910 quiddam
734 857 1020 909 investigando
1051 858 1232 910 rogitare
1273 858 1323 897 de
1363 853 1531 909 tribus.
1553 859 1648 913 quia

277 930 445 979 coeptae
487 927 723 979 scrupulum
762 927 1045 980 disputationis
1067 927 1115 980 ¹⁰)
1158 927 1356 981 capedine
1396 915 1647 968 mentis'irix

274 1001 495 1048 penetrare
527 995 699 1047 quimus,

783 1052 815 1092 P
828 1065 851 1092 a
862 1067 887 1106 p
899 1052 925 1092 h
935 1066 962 1092 n
974 1066 1001 1092 ιι
1012 1055 1029 1093 t
1040 1053 1052 1092 i
1063 1067 1088 1092 u
1101 1067 1131 1093 s.

274 1109 450 1149 Difficile
481 1112 613 1164 captu.

817 1165 853 1206 D
865 1167 878 1206 i
890 1181 908 1207 s
921 1179 942 1207 c
954 1167 967 1206 i
979 1181 1004 1220 p
1016 1181 1043 1207 ιι
1054 1167 1068 1206 l
1079 1167 1102 1207 i.

274 1235 350 1276 Dic
381 1236 497 1276 nobis
514 1236 565 1275 de
596 1248 645 1276 ea
675 1235 1027 1290 superficietenus,
1049 1237 1165 1290 cujus
1183 1236 1431 1278 mentionem
1460 1237 1514 1277 in*
1527 1240 1647 1291 prae-

274 1305 380 1344 senti
411 1305 591 1344 fecimus.

781 1362 814 1402 P
826 1374 849 1402 a
860 1376 886 1415 p
897 1363 923 1401 h
932 1375 958 1401 n
970 1375 996 1402 u
1007 1365 1025 1402 t
1035 1362 1047 1401 i
1059 1375 1086 1402 ιι
1099 1375 1128 1402 S.

273 1431 499 1485 Perparum
530 1431 666 1472 dicere
698 1432 792 1480 scio,
823 1432 918 1484 quia
948 1432 1174 1471 eremicolis
1206 1434 1270 1472 est
1298 1431 1517 1484 incognita.

815 1500 875 1540 Di
891 1514 910 1539 s
924 1500 1005 1554 cip
1020 1501 1105 1539 uli.

274 1556 383 1603 Quid
414 1557 529 1610 agit?

786 1614 820 1655 P
832 1627 857 1654 a
867 1628 893 1668 Ρ
906 1615 934 1655 h
943 1628 970 1654 n
981 1615 1058 1655 uti
1069 1629 1096 1654 u
1108 1628 1139 1654 s.

273 1670 463 1718 Musica?

812 1729 871 1769 Di
887 1743 905 1768 s
919 1729 1001 1784 cip
1016 1729 1103 1770 uli.

272 1785 382 1840 Ipsa.

798 1842 830 1883 P
843 1855 898 1897 ap
909 1843 935 1883 h
944 1857 971 1883 n
981 1857 1009 1883 u
1020 1845 1038 1884 t
1048 1844 1096 1883 iu
1108 1857 1138 1883 S.

271 1899 465 1952 Disputat
494 1899 545 1938 de
576 1900 696 1940 sonis.

819 1957 854 1996 D
867 1957 879 1995 i
891 1957 1004 2011 scip
1015 1958 1098 1997 uli.

271 2024 420 2067 Utrum
450 2028 516 2065 est
543 2037 637 2075 una,
668 2037 720 2064 an
750 2025 921 2079 plures?

779 2093 812 2134 P
823 2105 848 2133 a
859 2107 884 2147 Ρ
893 2094 920 2134 h
930 2107 956 2133 n
967 2107 995 2134 ιι
1006 2094 1082 2134 tiu
1093 2107 1124 2133 s.

274 2151 378 2191 Tres
409 2163 501 2190 esse
532 2150 734 2200 dicuntur,
765 2151 839 2190 sed
870 2163 1142 2204 unaquaeque
1174 2151 1332 2192 ratione
1361 2149 1641 2205 proportiona-

271 2219 391 2259 tionis
413 2220 462 2272 ¹¹)
507 2219 626 2259 alteri
670 2220 727 2259 ita
771 2220 1054 2274 conjungitur,
1098 2223 1145 2261 ut
1186 2219 1306 2269 idem,
1347 2220 1454 2273 quod
1493 2219 1643 2260 accidit

270 2288 352 2336 uni,
383 2301 463 2327 non
495 2288 613 2328 deest
642 2288 773 2328 alteri.
1603 2310 1632 2341 ¹›

815 2345 1093 2399 Discipuli.

270 2401 324 2442 Et
354 2413 458 2454 quae
491 2401 683 2443 distantia
711 2402 820 2443 inter
850 2403 965 2442 tres?

780 2471 812 2511 P
823 2483 847 2511 a
858 2485 883 2524 Ρ
896 2471 923 2510 h
933 2484 960 2510 n
974 2484 1000 2510 ιι
1011 2471 1029 2511 t
1039 2470 1052 2510 i
1063 2484 1090 2510 u
1101 2483 1132 2509 s.

269 2527 407 2567 Prima
429 2526 578 2567 dicitur
599 2528 816 2577 mundana,
842 2529 930 2568 sive
953 2527 1154 2577 coelestis,
1176 2526 1357 2567 secunda
1381 2527 1570 2578 humana,
1589 2525 1639 2580 ¹²)

268 2585 402 2634 tertia,
434 2597 538 2637 quae
569 2585 852 2625 instrumentis
883 2587 1115 2625 exercetur.
1610 2586 1613 2589 “

308 2675 354 2709 10)
372 2674 389 2700 d
401 2675 540 2709 inputa-1
603 2673 644 2702 Μ.
657 2673 804 2701 dmletzte
815 2674 900 2700 Wort
909 2674 1010 2702 aufffl.
1027 2674 1122 2707 ¹091»,
1135 2673 1165 2702 Ρ.
1178 2673 1228 2700 bat
1237 2680 1269 2700 eu
1279 2671 1468 2707 voli-tandm.
1496 2674 1526 2700 ss
1565 2678 1638 2706 pro-

373 2708 1078 2744 portationi-‚1514proportioni⁸‚Mg.
1111 2707 1505 2744 UJueundamundana,
1549 2705 1637 2735 .u.S.
1696 2714 1698 2737 γ
