1702 2939
603 220 920 263 -157—

647 337 879 377 Tribuni.

74 407 264 460 Aedepol
294 406 537 454 faciendum,
579 419 640 454 en,
681 407 983 458 undiquesecus
1016 409 1325 461 circumdamur,
1354 413 1444 452 vul-

74 489 277 524 neramur,
309 475 555 527 perimimur.

597 541 918 584 Gallicanus.

75 615 137 654 Eh
164 614 262 652 heu!
295 612 390 664 quid
423 612 514 659 crit,
547 625 637 650 cum
666 613 819 652 tribuni
848 627 912 653 nie
944 619 1155 667 spernunt,
1173 629 1217 655 se
1247 618 1445 659 tradunt?

619 692 899 732 Johannes

75 764 158 804 Fae
187 765 328 803 votum
357 762 443 801 Deo
476 762 588 809 coeli,
620 764 660 800 te
693 762 958 802 christianum
988 763 1088 813 fieri,
1121 768 1161 805 et
1191 766 1344 806 vinces,

598 828 926 870 Gallicanus.

77 901 232 949 Voveo,
265 902 306 939 et
337 912 460 952 opere
491 898 676 950 implebo.

657 968 698 1006 H
711 981 732 1007 0
745 971 823 1007 ste
837 982 866 1007 s.

74 1039 211 1079 Heus!
242 1051 320 1077 rex
340 1037 518 1085 Bradan,
546 1037 774 1089 sperandae
796 1037 849 1089 3⁶)
881 1038 1045 1077 fortuna
1075 1039 1271 1078 victoriae
1302 1041 1448 1081 alludit

75 1122 167 1157 n0s3
200 1121 249 1146 en
282 1107 454 1146 dextrae
486 1106 796 1156 languuescent,
820 1106 872 1158 ³⁷)
904 1107 1014 1145 vires
1046 1108 1258 1156 fatiscent,
1302 1110 1376 1148 sed
1407 1113 1448 1150 et

74 1176 345 1216 inconstantia
375 1175 552 1228 pectoris
585 1174 694 1225 cogit
723 1188 797 1214 nos
829 1175 1041 1214 discedere
1073 1177 1122 1215 ab
1155 1178 1290 1217 armis.

652 1254 867 1293 Bradan.

77 1325 185 1371 Quid
219 1325 360 1371 dicam,
378 1324 533 1375 ignoro.
592 1323 701 1375 Ipsa,
734 1336 855 1375 quam
884 1323 1080 1374 toleratis,
1107 1339 1171 1364 me
1202 1330 1326 1378 urget
1355 1340 1447 1380 pas-

75 1394 143 1433 sio.
202 1393 362 1441 Restat,
394 1396 440 1431 ut
469 1406 542 1431 nos
575 1391 667 1430 duci
697 1392 917 1431 tradamus.

659 1460 860 1500 Hostes.

73 1531 188 1570 Alias
219 1543 301 1569 non
332 1529 566 1568 evademus.

646 1596 680 1635 B
693 1610 712 1635 r
724 1609 746 1635 a
760 1597 785 1635 d
797 1610 820 1635 a
832 1611 870 1636 n.

75 1667 173 1707 Dux
204 1665 438 1715 Gallicane,
488 1665 572 1705 noli
615 1665 657 1704 in
697 1666 826 1704 nostri
870 1667 1094 1718 perniciem
1138 1669 1320 1719 saevire,
1376 1670 1450 1709 sed

72 1749 196 1789 parce
228 1738 269 1774 et
298 1738 429 1783 utere,
460 1736 505 1774 ut
534 1734 646 1781 libet,
679 1736 820 1773 nostra
850 1735 1060 1775 servitute.

596 1800 924 1842 Gallicanus

71 1871 136 1912 Ne
167 1871 405 1924 trepidetis,
437 1884 488 1909 ne
520 1871 768 1919 formidetis,
801 1873 894 1921 sed,
928 1873 1032 1912 datis
1065 1873 1293 1923 obsidibus,
1326 1875 1448 1914 facite

74 1954 150 1980 vos
167 1940 402 1980 tributarios
418 1940 687 1992 imperatoriS,
705 1942 747 1979 et
762 1940 889 1979 vivite
906 1942 1026 1980 beate
1053 1943 1127 1981 sub
1151 1955 1320 1982 romana
1335 1956 1448 1996 pace.

644 2008 869 2047 Bradan.

75 2076 162 2116 Tuo
195 2077 360 2116 arbitrio
391 2077 556 2129 pendet,
575 2080 672 2128 quot
697 2077 921 2129 qualesque
949 2078 1135 2131 accipere
1167 2082 1446 2132 quantumque

79 2146 237 2198 pondus
269 2146 456 2184 solvendi
487 2158 634 2184 census
664 2146 780 2185 nobis
811 2146 915 2185 velis
945 2147 1165 2199 imponere.

599 2212 929 2254 Gallicanus.

21 2322 30 2325 V
79 2281 234 2321 Solvite
280 2283 544 2335 procinctum,
589 2283 670 2321 mei
700 2283 866 2331 milites,
913 2296 1031 2323 nemo
1076 2284 1283 2334 laedatur,
1329 2298 1449 2326 nemo

73 2351 308 2402 perimatur,
341 2352 634 2404 amplectamur
665 2351 910 2400 foederatos,
929 2365 1029 2404 quos
1060 2353 1244 2405 publicos
1275 2354 1449 2394 insecta-

77 2419 218 2458 bamur
237 2419 289 2471 33')
320 2420 514 2459 inimicos.

107 2595 156 2632 36)
177 2597 387 2632 speranda,
408 2597 455 2631 S.;
475 2597 610 2626 illudit
630 2608 693 2633 nos,
714 2599 744 2626 C.
766 2609 795 2628 u.
816 2599 845 2627 S.
883 2600 932 2635 37)
952 2599 1227 2636 languescunt,
1247 2601 1447 2635 fatiscunt,

176 2644 236 2679 Mg.
274 2645 323 2679 38)
344 2646 598 2679 insectantur,
621 2645 692 2680 Mg.,
706 2647 769 2672 sich
789 2646 943 2673 falschlich
963 2647 1017 2674 auf
1032 2648 1088 2674 den
1102 2647 1200 2674 Codex
1211 2648 1363 2682 berufeud,
1384 2647 1448 2674 wel-

179 2690 249 2716 cher
269 2692 558 2717 insectabamur
583 2691 643 2720 hat.
