1702 2939
594 232 909 279 —179—

651 355 862 395 Hirena.

68 428 122 469 Et
152 441 255 481 quae
286 427 523 466 inhonestas
554 425 732 476 turpior,
775 437 879 476 quae
910 425 1119 479 turpitudo
1149 428 1290 480 major,
1322 440 1443 480 quam

69 511 211 537 servos
241 495 434 536 venerari
463 497 508 534 ut
539 493 751 533 dominos?
772 493 822 546 ¹⁰)

568 562 950 602 Diocletianus.

68 634 160 675 Non
193 634 346 674 suadeo
379 632 451 672 tibi
479 631 673 671 venerari
705 644 867 680 servos,
908 632 982 671 sed
1013 632 1266 675 dominorum
1295 635 1443 689 princi-

67 717 244 757 pumque
276 703 386 742 deos.

648 769 866 809 Hirena.

67 840 213 881 Nonne
243 841 278 880 is
311 843 374 880 est
402 839 583 892 cujusvis
615 852 775 888 servuS,
807 840 875 891 qui
906 841 955 879 ab
987 840 1143 881 artifice
1173 843 1306 896 pretio
1339 856 1444 884 com-

67 914 248 964 paratur,
279 912 324 950 ut
355 908 598 962 empticius?

559 977 948 1017 Diocletianus.

67 1049 202 1103 Hujus
232 1048 509 1102 praesumptio
540 1047 802 1086 verbositatis
832 1048 1014 1087 tollenda
1046 1051 1109 1089 est
1139 1050 1359 1103 suppliciis

654 1115 866 1156 Hiren-a.

67 1187 159 1228 Hoc
205 1191 412 1240 optamus,
454 1186 530 1225 hoc
571 1186 871 1238 amplectimur,
918 1188 964 1226 ut
1006 1200 1080 1240 pro
1120 1186 1272 1228 Christi
1309 1201 1446 1229 amore

72 1257 280 1310 suppliciis
310 1257 549 1296 laceremur.

557 1324 948 1364 Diocletianus.

68 1395 182 1435 Istae
215 1397 474 1435 contumaces
511 1394 744 1445 nostrisque
787 1394 964 1433 decretis
997 1395 1345 1435 contraluctantes
1380 1409 1445 1435 ca-

68 1465 174 1504 tenis
204 1465 448 1503 inretiantur
468 1464 518 1516 ¹¹)
551 1467 592 1502 et
622 1463 673 1501 ad
705 1475 880 1502 examen
910 1464 1077 1504 Dulcitii
1121 1465 1325 1518 praesidis
1370 1464 1446 1506 sub

72 1534 270 1572 carcerali
300 1533 490 1586 squalore
521 1534 753 1572 serventur.

619 1693 905 1734 Dulcitius.

70 1762 301 1814 Producite,
331 1763 494 1812 milites,
525 1763 750 1817 producite,
783 1776 884 1815 quas
914 1763 1064 1804 tenetis
1093 1763 1135 1803 in
1166 1765 1354 1803 carcerei

649 1844 871 1884 Milites.

71 1912 192 1963 Ecce,
225 1926 325 1966 quas
355 1915 530 1954 vocasti!

620 1983 656 2022 D
668 1984 718 2023 ul
731 1983 907 2023 citius.

72 2049 229 2105 Papae!
263 2064 383 2104 quam
421 2053 638 2106 pulchrae,
681 2066 801 2105 quam
830 2054 1051 2103 venustae,
1092 2065 1213 2106 quam
1254 2051 1449 2105 egregiae

73 2121 298 2174 puellulae!

651 2179 827 2220 Milite
841 2194 871 2219 s.

74 2245 267 2289 Perfecte
287 2249 337 2302 ¹2)
370 2249 555 2288 decorae.

624 2317 659 2357 D
673 2318 724 2357 ul
736 2318 778 2358 ci
791 2321 808 2358 t
819 2319 831 2357 i
843 2332 868 2357 u
881 2332 911 2357 s.

78 2382 229 2438 Captus
261 2399 350 2426 sum
378 2387 541 2428 illarum
572 2389 720 2441 specie.

117 2544 163 2579 10)
183 2544 264 2571 hiess
284 2552 364 2579 ursp.
385 2545 422 2572 im
440 2545 516 2574 cod:
537 2555 623 2581 quam
643 2549 675 2573 ut
695 2553 798 2573 servus
818 2548 975 2572 veneretur
993 2547 1026 2572 ut
1046 2544 1192 2572 dominus.
1230 2545 1283 2572 Die
1295 2545 1453 2572 Coi-rectul-

184 2591 220 2616 ist
236 2591 287 2619 alt.
314 2592 372 2626 Mg.
394 2596 488 2618 sent:
511 2601 596 2627 qnam
610 2597 641 2619 ut
662 2601 764 2619 servos
789 2593 989 2619 venereris
1010 2595 1041 2619 ut
1061 2592 1207 2620 dominos.
1245 2592 1276 2619 P.
1299 2595 1330 2617 ut
1348 2599 1452 2617 servos

183 2640 315 2663 venerari
328 2643 359 2663 ut
374 2639 516 2664 dominos.
543 2641 587 2674 11)
600 2639 639 2665 So
654 2639 710 2674 M.;
731 2641 778 2664 ian-i
792 2641 985 2665 rretientu
999 2647 1020 2672 r,
1033 2638 1063 2666 C.
1077 2637 1145 2666 u.S.
1167 2638 1286 2664 Dulcitii
1304 2645 1452 2671 praesu-

183 2683 248 2717 lis,
267 2684 298 2710 C.
320 2693 347 2711 u.
369 2685 399 2713 S.
419 2693 443 2711 s.
464 2686 530 2721 ob.;
553 2686 730 2712 Dulcitio
750 2685 958 2720 praesulis,
981 2685 1013 2711 P.
1053 2687 1100 2720 12)
1119 2684 1158 2710 So
1179 2684 1239 2721 M.;
1259 2684 1453 2715 Profecto,

184 2729 216 2755 C.
235 2738 262 2756 u.
286 2729 316 2759 S.

1088 2765 1177 2806 12*
