1702 2939
626 216 944 259 -153—

609 330 948 372 Gallicanus.

78 391 236 431 Bonum
266 389 478 429 eonsilium
514 390 693 441 mihique
725 402 847 442 quam
877 391 1054 430 maxime
1087 390 1294 443 placitum.

576 457 973 498 Constantinus.

81 515 244 556 Scilicet
260 516 319 555 tui
340 515 443 555 filias
465 529 484 554 s
495 529 612 554 ecum
627 528 750 555 versa
766 516 856 555 vice
875 517 1083 556 desiderat
1099 517 1263 555 interim
1278 529 1465 556 mansum

85 585 157 633 ire,
184 584 372 636 quatinus
388 584 442 636 2⁰)
473 584 638 624 illarum
663 598 738 637 per
764 585 1023 626 sodalitatem
1052 586 1124 626 tibi
1150 587 1221 626 fiat
1245 586 1461 638 morigera.

605 652 928 701 Gallicanus,

78 709 210 759 Evam,
239 708 384 750 Evax!
422 709 567 750 Omnia
598 711 700 750 meis
729 711 983 763 respondent
1012 711 1130 752 votis

577 777 835 819 Constant
854 779 980 820 inus.

76 834 170 882 Fac,
201 836 247 874 ut
277 835 359 874 add
375 838 550 875 ueantur
582 836 710 876 citius.

579 903 904 945 Gallicanus.
927 904 982 957 2¹)

78 959 214 1009 StatiS,
260 960 410 1000 milites
429 962 448 1000 Ῥ
492 960 673 1011 Currite,
715 963 841 1012 abite,
882 961 1073 1002 adducite
1112 961 1216 1001 filias
1258 961 1310 1001 ad
1351 962 1466 1001 obse-

79 1028 215 1081 quium
244 1029 307 1069 sui
338 1029 544 1071 dominae.

658 1156 884 1195 Milites.

80 1211 236 1252 Assunt
264 1211 447 1259 illustres
481 1210 686 1253 Gallicani
725 1216 868 1262 nat-ae,
907 1215 1004 1253 tuae
1037 1214 1322 1262 familiaritati,
1362 1214 1464 1253 hera

85 1279 338 1329 Constantia,
370 1294 443 1333 pro
476 1281 538 1319 sui
569 1282 896 1334 pulchritudinis,
922 1282 1147 1335 sapientiae
1180 1289 1221 1323 et
1250 1283 1464 1336 probitatis

85 1349 384 1403 perspicuitate
416 1350 513 1389 satis
545 1353 676 1402 aptae.
692 1350 746 1402 22)

610 1418 938 1458 Constantia.

82 1485 247 1536 Placet,
291 1486 605 1526 introducantur
623 1487 677 1539 2³)
719 1487 962 1526 honorifice!
1013 1487 1184 1527 Amator
1213 1488 1466 1540 virginitatis

87 1560 129 1594 et
159 1555 378 1608 inspirator
411 1556 622 1603 castitatis,
645 1554 818 1603 Christe,
844 1556 912 1607 qui
941 1569 1017 1603 me,
1048 1557 1239 1608 precibus
1270 1558 1465 1610 martyris

88 1627 184 1663 tuae
216 1624 393 1675 Agnetis
425 1637 447 1662 a
476 1625 593 1676 lepra
631 1625 786 1676 pariter
829 1625 1010 1676 eorporis
1052 1630 1092 1664 et
1133 1627 1182 1664 ab
1216 1639 1356 1665 errore
1389 1626 1465 1664 eri-

85 1692 202 1745 piens
231 1693 492 1743 gentilitatis,
524 1693 707 1732 invitasti
737 1693 789 1731 ad
816 1693 1049 1743 virgineum
1067 1692 1121 1745 24)
1153 1694 1211 1733 tui
1243 1692 1464 1733 Genitrieis

86 1761 326 1809 thalamum,
367 1761 407 1799 in
450 1774 528 1812 quo
570 1763 615 1800 tu
654 1761 896 1800 manifestus
937 1774 980 1799 es
1020 1774 1146 1800 verus
1178 1762 1311 1810 Deus,
1353 1766 1463 1803 retro

90 1829 304 1868 exordium
345 1832 467 1869 natus
499 1842 522 1867 a
551 1828 639 1868 Deo
670 1828 814 1877 Patre,
855 1829 1044 1880 idemque
1067 1830 1121 1881 ²5)
1166 1843 1292 1869 verus
1333 1831 1462 1879 homo,

94 1910 147 1936 ex
177 1896 313 1936 Matre
354 1900 475 1936 natus
516 1897 557 1936 in
597 1900 802 1949 tempore,
849 1899 910 1945 te,
951 1911 1093 1936 veram
1134 1900 1175 1937 et
1205 1900 1465 1938 coaeternam

84 1965 197 2004 Patri
238 1966 501 2018 sapientiam,
546 1979 620 2018 per
661 1978 782 2017 quam
822 1966 929 2005 faeta
969 1970 1065 2005 sunt
1103 1967 1235 2006 omnia
1276 1970 1318 2006 et
1348 1969 1464 2020 cujus

87 2033 350 2086 dispositione
382 2035 612 2073 consistunt
641 2037 682 2074 et
702 2035 966 2074 moderantur
993 2036 1199 2084 universa,
1223 2036 1464 2088 suppliciter

90 2115 228 2150 exoro,
260 2105 306 2142 ut
337 2101 606 2151 Gallicanum,
639 2103 708 2154 qui
737 2103 797 2141 tui
826 2103 868 2141 in
898 2117 963 2142 me
995 2116 1174 2142 amorem
1205 2105 1460 2156 surripiendo

90 2173 260 2210 conatur
282 2171 540 2222 extinguere,
563 2173 656 2224 post
682 2175 722 2210 te
743 2172 945 2210 trahendo
976 2173 1025 2210 ab
1056 2172 1207 2223 injusta
1238 2172 1462 2211 intentione

88 2251 285 2278 revocare
317 2240 460 2291 suique
501 2240 605 2278 filias
647 2240 829 2291 digneris
860 2241 934 2279 tibi
965 2240 1178 2291 assignare
1210 2253 1391 2292 sponsas,
1424 2247 1465 2280 et

86 2306 238 2346 instilla
270 2308 582 2358 cogitationibus
615 2321 755 2347 earum
794 2308 854 2347 tui
885 2309 1031 2347 amoris
1065 2308 1333 2356 dulcedinem,
1366 2321 1463 2360 qua-

87 2375 194 2414 tinus
226 2379 471 2415 execrantes
504 2377 667 2415 earnale
700 2376 958 2424 consortium,
982 2377 1201 2429 pervenire
1226 2380 1463 2416 mereantur

93 2444 144 2481 ad
176 2456 384 2483 sacrarum
416 2445 654 2484 societatem
685 2446 903 2496 virginum.

120 2544 169 2577 2⁰)
191 2547 396 2576 qnatenus,
415 2544 457 2576 P.‚
483 2544 513 2571 C.
537 2553 564 2571 n.
586 2544 616 2572 S.
654 2545 702 2578 21]
723 2544 754 2571 C.
775 2544 1102 2580 (Constantinus),
1127 2545 1167 2571 Μ.
1204 2548 1255 2579 22)
1275 2550 1380 2580 apte,
1399 2546 1459 2580 M.;

189 2577 241 2603 das
271 2578 401 2603 einmehe
431 2587 444 2603 e
475 2579 553 2603 steht
579 2579 686 2610 jedocb
719 2579 788 2604 sehr
815 2579 914 2611 haufig
941 2581 988 2605 fiir
1015 2588 1067 2613 ae;
1103 2584 1213 2614 apta,
1247 2581 1295 2614 C.;
1330 2585 1407 2613 apte.
1428 2580 1458 2605 S.

121 2613 170 2646 23)
189 2611 228 2637 So
248 2612 293 2638 die
315 2613 388 2637 alte
409 2612 566 2638 Com-etur
593 2614 644 2638 des
667 2614 772 2644 Codex,
801 2614 852 2638 der
872 2614 991 2647 Magnin
1020 2618 1104 2640 sonst
1123 2615 1197 2640 auch
1221 2616 1322 2640 immet·
1349 2615 1460 2648 gefolgt

191 2647 237 2673 ist.
275 2646 502 2679 (lntroducu
513 2651 602 2673 ntur
623 2648 808 2680 honorificem
830 2648 888 2682 mg.
913 2649 974 2682 (als
990 2649 1186 2684 Didaskalie.)
1222 2650 1272 2684 24)
1295 2649 1330 2675 ad
1354 2650 1459 2683 virgi-

191 2688 277 2715 nem,
296 2680 326 2708 S.
363 2683 412 2715 25)
434 2682 567 2716 idemque
587 2690 670 2717 que,
691 2683 754 2718 M.;
776 2683 813 2708 ist
835 2683 863 2708 in
885 2683 916 2709 Ρ.
939 2683 1116 2717 gesti-ichen.
