1702 2939
595 256 648 262 --—
708 231 759 273 ὀὶ
823 257 876 264 --

148 346 245 400 Ipsi,
278 348 345 399 qui
375 360 538 387 mensas
571 352 739 401 ponunt,
770 347 942 401 dapibus
974 353 1175 398 oneratas,

207 415 430 456 Poscentes
462 417 630 456 tandem
661 417 824 456 solvere
855 429 947 456 sero
980 418 1139 458 famem.

148 484 229 523 Sed
260 485 372 537 prius
404 485 626 523 invalidam
651 485 775 537 jiissit
805 486 1030 537 procedere
1062 487 1233 534 turbam,

207 552 340 598 Quam
371 553 506 592 suevit
534 566 675 592 mensa
706 566 877 606 pascere
909 567 1033 607 saepe
1063 568 1149 603 sua,

29 620 123 661 215.
149 622 209 661 Ac
244 623 418 675 propriis
450 623 538 675 ipsa
568 623 752 662 manibus
783 622 905 675 plene
937 627 1134 671 saturata,

211 690 263 730 Se
295 692 461 730 tandem
491 704 631 730 mensa
661 691 839 743 applicat
870 693 1064 744 apposita.

147 760 407 799 Accumbunt
439 760 592 812 pariter
624 759 784 808 Franci,
816 773 890 812 per
920 761 1079 799 moenia
1111 761 1202 808 fusi,

202 827 427 868 Gustantes
459 828 626 868 bachica
656 841 825 867 munera
855 829 1020 868 laetitia.

258 897 424 936 Interea
456 909 639 935 somnum
671 896 782 936 sidus
814 897 1014 936 suadebat
1045 911 1154 946 eous,

29 963 122 1004 ·20.
207 965 302 1005 Nox
337 966 471 1004 vicina
500 965 642 1015 nigras
674 969 715 1004 et
745 965 905 1005 minitat
934 967 1139 1014 tenebras,

142 1035 277 1086 Atque
312 1035 427 1086 quies
461 1034 603 1086 epulas
635 1034 767 1073 subito
799 1035 1049 1086 sequebatur
1080 1034 1219 1083 amica,

199 1102 381 1155 Serpens
414 1116 487 1155 per
521 1104 713 1152 membra,
747 1103 947 1142 ebrietate
979 1103 1085 1142 data.

142 1172 236 1210 Dux
266 1171 362 1223 pius
395 1171 619 1210 insomnem
651 1171 786 1224 coepit
815 1171 1084 1210 transducere
1114 1175 1287 1219 noctem,

203 1239 369 1278 Intenta
401 1239 615 1278 Dominum
646 1253 746 1278 voce
777 1240 984 1292 precando
1016 1253 1144 1279 suum.

23 1307 121 1348 2:25.
264 1308 485 1360 Postquam
514 1322 599 1348 nox
630 1308 768 1347 scissis
801 1309 991 1348 discessit
1020 1309 1130 1348 victa
1160 1309 1354 1356 tenebris,

195 1376 289 1416 Lux
323 1383 412 1416 orta
442 1377 606 1429 plagam
638 1377 828 1416 cinxerat
859 1377 1104 1425 aetheream,

140 1446 358 1485 Venerunt
387 1445 516 1498 pueri,
548 1445 724 1485 tironum
755 1448 866 1485 sorte
896 1445 1029 1499 potiti,

198 1515 417 1554 Portantes
450 1514 534 1553 cari
565 1514 756 1553 caleiolas
788 1514 948 1563 domini,

133 1583 187 1622 Et
215 1584 382 1635 pulsant
411 1583 557 1630 aulam,
588 1582 717 1622 noctis
747 1596 821 1636 pro
853 1586 1035 1635 tempore
1067 1583 1259 1631 clausam,

18 1650 112 1691 230.
190 1651 379 1699 orantes,
411 1651 565 1690 aditum
590 1652 675 1704 jam
705 1651 794 1690 fieri
824 1652 1018 1704 patulum.

135 1720 219 1760 Sed
247 1721 332 1760 dux
362 1720 571 1773 paulisper
602 1720 724 1768 siluit,
755 1733 940 1760 somnum
972 1732 1131 1773 quoque
1163 1719 1293 1767 finxit,

192 1789 302 1837 Post,
332 1790 449 1828 velut
479 1802 502 1828 e
531 1802 670 1828 somno
703 1789 904 1841 evigilans
933 1789 1118 1841 gravido,

138 1857 310 1897 Solvere
343 1858 501 1898 custodi
530 1861 672 1897 vectes
699 1858 817 1910 jubet
845 1857 1074 1905 interiores,

191 1927 381 1966 Pandere
413 1926 633 1966 triclinium
663 1926 939 1978 militibusque
971 1938 1100 1973 suum,

22 1994 116 2035 235.
139 1995 215 2035 His
246 1996 502 2044 introductis,
533 1995 741 2048 lympham
771 1995 956 2034 manibus
986 1995 1090 2047 petit
1119 1994 1233 2042 albis,

197 2063 279 2103 Sed
309 2066 412 2103 nutu
440 2063 602 2103 Domini
633 2064 765 2103 defuit
794 2064 1014 2104 altithroni.

138 2132 253 2172 Tunc
283 2132 347 2171 vir
378 2145 560 2180 securus,
590 2130 740 2171 Christi
770 2133 924 2185 pietate
954 2133 1111 2179 beatus,

192 2201 327 2241 Unum
360 2201 410 2239 de
442 2200 581 2253 pueris
613 2200 724 2239 ocius
757 2201 950 2252 egregiis,

136 2268 191 2310 Ut
221 2269 296 2308 sibi
327 2269 511 2308 deferret
538 2269 709 2320 virgam,
740 2269 860 2317 misit,
893 2272 1169 2314 memoratam,

22 2334 114 2377 240.
195 2338 328 2385 Quam
359 2351 451 2377 sero
482 2337 691 2390 proprium
721 2337 810 2376 fixit
840 2337 880 2376 in
912 2337 1112 2377 artiolum.

247 2406 339 2455 Qui,
373 2419 495 2445 cursu
525 2405 666 2459 rapido
699 2406 880 2445 saliendo
911 2419 986 2461 per
1017 2404 1188 2446 herbida
1217 2415 1326 2453 rura,

54 2565 115 2592 211.
140 2565 247 2598 lpse,
267 2563 637 2598 Μ.ιι.ῐ>,1ιοηει»ιιιῑε,
658 2564 698 2591 M.
735 2565 796 2593 21⁷.
815 2565 1035 2599 Accubunt,
1057 2563 1099 2593 M.
1136 2563 1200 2591 ⁴218.
1223 2561 1392 2593 bachin,

132 2610 158 2635 d.
179 2610 249 2636 Cod*
273 2611 322 2635 hat
341 2614 413 2636 stus
434 2619 488 2636 nur
507 2613 566 2637 ein
587 2620 611 2636 c.
647 2611 708 2638 219.
731 2619 854 2646 eoum,
875 2611 906 2638 C.
927 2620 955 2637 u.
977 2610 1004 2637 S.
1042 2612 1104 2638 225.
1126 2610 1280 2640 scistis,
1306 2607 1346 2633 M.
1366 2615 1393 2632 ιι.

130 2655 162 2683 Ρ.
180 2656 243 2683 228.
267 2656 476 2690 οεΙεεοΙοι,
499 2656 530 2684 C.
553 2655 621 2683 u-S.
643 2655 706 2685 234.
724 2657 1010 2692 militibusque,
1031 2656 1130 2690 M.;P.
1149 2655 1285 2688 corrigit-t
1298 2654 1326 2678 in
1341 2653 1391 2678 mi—

129 2700 278 2729 litibus.
318 2700 370 2728 ‘238
402 2702 568 2735 egi-egis,
590 2701 628 2727 M.
1130 2735 1188 2779 4*
