1702 2939
761 208 1043 254 ...12-

223 341 312 384 125.
330 341 419 382 Hoc
450 339 518 380 ubi
549 339 755 387 cernebat,
787 340 969 380 subtristi
999 351 1099 379 voce
1133 339 1325 378 canebat:

331 411 452 459 „Rex
483 409 597 457 coeli,
629 409 744 449 sortis
776 409 839 449 cui
871 410 1055 461 subjacet
1084 408 1262 460 astriger
1292 405 1395 457 axis,

331 479 500 528 „Omnia
531 478 599 530 qui
630 482 742 517 certe
773 478 879 530 potis
910 491 954 516 es
985 477 1201 529 disponere
1231 479 1356 523 reete,

332 547 528 601 „Semper
558 551 797 586 cunctarum
827 546 898 585 tibi
935 547 1022 584 laus
1051 547 1190 583 exstet
1218 544 1429 596 pietatum,

329 616 475 662 „Quod
505 616 684 654 clemens
716 618 883 654 cunctos
914 613 1077 666 pietatis
1108 625 1275 652 munere
1306 612 1436 660 vivos,

226 683 593 731 130.‚,Pisciculos‚
624 683 814 735 pecudes,
847 687 1060 734 serpentes
1091 684 1212 732 atque
1244 681 1433 720 volueres

340 752 635 803 „('onga11del·e
666 751 749 789 suis
781 751 937 789 donasti
968 750 1110 789 sedulo
1141 749 1284 802 pullis:

340 821 447 867 „Sed
478 825 627 858 memet
655 820 779 858 solani
812 819 992 858 sterilem
1023 829 1235 856 remanere
1267 816 1465 856 misellam

340 890 497 933 „sarisa
523 888 664 939 judieii
691 887 848 938 jussisti
882 887 1056 938 (lenique
1087 886 1199 924 recti.

339 957 422 1002 „Te
453 962 588 996 tamen
620 956 896 1008 Omnipatrmn
929 954 1128 994 constanti
1159 954 1326 1006 pec-tore
1364 955 1514 993 testem

227 1025 526 1072 1235..‚1nvoco,
559 1024 735 1075 conjugii
768 1025 893 1075 primo
926 1023 1034 1074 quod
1064 1026 1245 1074 tempore
1277 1021 1383 1070 vovi,

335 1093 403 1135 ..Si
433 1093 590 1131 ventris
627 1092 801 1130 fructum
832 1091 926 1129 mihi
957 1095 1190 1143 praestares
1222 1089 1311 1142 pius
1342 1089 1480 1138 ullum,

340 1161 487 1210 „Hunc
517 1173 612 1199 mox
641 1159 681 1198 in
713 1160 862 1212 templo
895 1159 981 1198 sisti
1011 1159 1083 1197 tibi
1114 1159 1189 1197 rite
1221 1160 1381 1198 sacrato

331 1229 643 1280 „Obsequioque
674 1228 734 1268 tui
764 1227 889 1279 legali
918 1240 1029 1266 more
1061 1227 1249 1266 sacrari.“

393 1296 509 1337 Talia
539 1297 634 1335 dum
663 1296 824 1335 mundis
854 1297 1048 1335 formaret
1078 1295 1249 1334 verbula
1278 1294 1416 1343 labris,

229 1364 318 1405 140.
337 1365 524 1415 Angelus
556 1365 758 1415 astrigero
789 1364 921 1402 subito
951 1363 1162 1402 deseendit
1192 1364 1241 1402 ab
1273 1363 1366 1411 alto,

336 1433 517 1472 Maxima
546 1433 735 1472 tristitiae
767 1437 934 1483 portans
965 1432 1160 1470 solamina
1190 1433 1341 1478 tantae,

338 1501 401 1546 Et,
434 1504 547 1540 stans
577 1502 651 1540 sub
683 1500 798 1545 facie,
830 1500 948 1538 dietis
979 1500 1079 1538 haec
1110 1500 1218 1538 fatur
1249 1499 1408 1539 amieis:

336 1569 481 1617 „Exue
511 1582 748 1616 moerorem,
781 1568 914 1606 cordis
946 1568 1104 1619 depone
1135 1568 1326 1614 dolorem,

337 1637 619 1688 „Consilioque
650 1636 726 1675 Dei
758 1649 927 1688 germen
959 1636 1029 1675 tibi
1061 1636 1215 1674 credito
1247 1634 1402 1682 summi,

228 1704 318 1744 145.
337 1704 462 1752 ..Iloc‚
494 1705 601 1756 quod
631 1710 776 1743 ventre
807 1707 876 1743 tuo
906 1704 1100 1756 procedet
1130 1707 1312 1756 tempore
1343 1705 1467 1752 certo,

337 1773 474 1819 „Vere
505 1774 575 1812 fiet
606 1773 712 1811 idem
742 1772 900 1824 populis
931 1772 1112 1810 mirabile
1144 1772 1336 1811 cunctis.“

339 1841 452 1880 Dixit
484 1843 525 1879 et
554 1840 762 1891 aurivagis
794 1840 984 1878 revolans
1014 1843 1125 1878 secat
1155 1840 1324 1878 aethera
1353 1839 1509 1892 pennis.

342 1909 459 1947 Anna
491 1908 575 1954 sed,
607 1908 803 1959 angelicis
835 1908 999 1946 nimium
1030 1908 1250 1960 perterrita
1279 1908 1428 1956 verbis,

340 1976 500 2016 Moesta
530 1976 690 2015 domum
721 1976 837 2028 petiit
867 1989 958 2015 sese
989 1977 1175 2027 lectoque
1205 1976 1366 2024 locavit,

233 2043 321 2082 1:30.
340 2043 392 2082 Et
423 2044 663 2082 tremefacta
693 2044 798 2082 diem
829 2044 1074 2096 psalmorum
1105 2044 1199 2095 lege
1230 2046 1406 2096 perorat,

341 2111 490 2151 Effusis
521 2117 680 2151 noctem
710 2112 899 2164 precibus
932 2112 1117 2151 ducendo
1148 2115 1397 2164 sequentem.

336 2180 434 2218 Post
465 2180 567 2218 haee
596 2193 696 2230 ergo
726 2193 838 2218 suain
871 2181 1080 2232 praecepit
1108 2181 1254 2219 adesse
1283 2180 1475 2232 puellam,

339 2249 554 2287 Astantem
585 2248 768 2298 rogitans
799 2249 972 2300 propriis
1002 2249 1111 2287 illam
1141 2249 1215 2287 sub
1247 2248 1398 2297 ocellis,

337 2316 418 2354 (jur
449 2329 494 2354 se
526 2316 766 2368 despiceret,
795 2316 862 2354 vel
895 2329 966 2355 cur
998 2319 1078 2354 tam
1109 2329 1201 2355 sero
1230 2316 1407 2365 veniret„

232 2382 322 2423 155.
341 2383 440 2421 (sum
471 2384 545 2422 sibi
576 2384 748 2423 sentiret
777 2384 865 2423 fieri
895 2384 991 2434 quid
1021 2384 1126 2423 sorte
1155 2383 1356 2436 stupendi.

396 2451 592 2490 Reddidit
621 2465 644 2490 e
675 2454 815 2490 contra.
846 2451 1029 2491 dominae
1060 2451 1214 2490 lasciva
1244 2451 1408 2491 famella

263 2631 310 2657 1‘3‘1
344 2631 415 2661 nti,
445 2629 476 2654 (ἲ.
505 2637 531 2654 u.
558 2628 587 2654 S.
639 2629 692 2655 132.
714 2630 880 2655 tandem.
909 2630 938 2655 C.
973 2639 999 2655 u.
1032 2630 1060 2655 S
1112 2631 1166 2658 13⁴3.
1190 2631 1300 2665 ullis,
1339 2630 1370 2657 C.
1391 2639 1420 2658 ιι,
1443 2630 1494 2665 S.;
1516 2630 1586 2657 fruc-

345 2675 522 2701 ivm-ullum.
566 2676 619 2701 137.
648 2675 754 2700 uine.
783 2675 813 2701 C.
839 2684 855 2701 u
885 2675 914 2702 S.
