1702 2939
615 217 932 260 -303—

82 335 474 400 progressionis
512 338 754 396 quantum
793 349 942 380 meae
976 332 1208 379 inscitiae
1254 331 1468 378 difficul-

89 415 209 460 tatis
260 412 541 470 obstiterit,
590 412 703 473 ipsa
754 409 1009 469 conjicere
1053 409 1301 470 potestis,
1345 409 1463 470 quia

85 492 214 537 haee
248 490 429 537 eadem
464 503 561 534 nec
594 489 737 549 prius
770 487 960 547 scripta
992 485 1227 547 repperi,
1264 500 1361 531 nec
1397 486 1464 533 ab

87 567 257 628 aliquo
300 565 537 627 digestim
565 572 601 616 5)
641 564 1063 624 sufficienterque
1106 561 1238 607 dicta
1271 562 1464 608 elicere

90 644 244 705 quivi,
281 643 374 690 sed
418 643 579 688 veluti
624 642 667 687 si
713 641 895 702 aliquis
928 639 1136 686 nescius
1175 638 1337 699 ignoti
1371 653 1467 700 per

87 720 408 766 latitudinem
441 720 604 765 saltus
634 723 776 764 esset
794 719 826 770 ⁰)
862 718 1044 776 iturus,
1068 717 1153 762 ubi
1188 715 1354 763 omnis
1388 730 1468 761 se·

91 798 215 843 mita
251 797 408 842 nivali
445 796 700 842 densitate
724 793 988 840 velaretur
1016 793 1250 851 obducta,
1282 792 1466 852 hicque

94 874 236 920 nullo
284 874 435 932 duce,
490 871 583 919 sed
628 871 739 917 solo
779 869 1305 931 praemonstrantium
1339 872 1467 914 nutu

92 951 358 1008 inductus,
405 964 539 994 nunc
582 963 677 1010 per
718 947 868 993 devia
915 950 1131 1005 erraret,
1173 960 1309 991 nunc
1341 945 1467 990 recti

88 1027 349 1073 tramitem
411 1025 553 1071 callis
609 1023 874 1085 inprovise
935 1023 1252 1081 incurreret,
1302 1021 1466 1067 donec

90 1103 298 1149 tandem
336 1116 552 1148 emensa
585 1101 838 1146 arboreae
873 1098 1148 1145 medietate
1177 1097 1465 1160 spissitudi-

91 1181 196 1239 nis,
248 1180 414 1225 locum
476 1182 684 1239 optatae
744 1176 1210 1237 comprel‘iendcret
1264 1175 1466 1236 quietis,

92 1257 292 1318 illicque
339 1254 554 1316 gradum
596 1255 779 1315 figens,
826 1252 1043 1298 ulterius
1079 1252 1326 1312 progredi
1363 1267 1467 1298 non

92 1336 475 1395 praesumeret,
503 1347 667 1392 usquc
692 1330 808 1376 dum
831 1329 914 1374 vel
940 1329 1038 1375 alio
1060 1330 1466 1389 superveniente

95 1409 450 1468 induceretur,
497 1409 580 1455 vel
615 1405 978 1469 praecedentis
1020 1405 1244 1466 vestigia
1289 1406 1469 1452 subse-

95 1490 356 1548 queretur,
396 1514 449 1520 —-
489 1486 614 1531 haut
636 1485 675 1540 τ)
718 1483 868 1529 aliter
915 1496 1029 1543 ego,
1078 1483 1464 1544 magnificarum

95 1562 445 1624 prolixitatem
500 1576 672 1607 rerum
724 1559 874 1620 jussa
928 1559 1154 1621 ingredi,
1215 1559 1467 1619 regalium

97 1638 468 1700 multiplicitate
513 1642 777 1699 gestorum
820 1636 1048 1683 nutando
1090 1639 1141 1682 et
1180 1635 1467 1681 vacillando

99 1715 392 1775 aegerrime
422 1714 720 1772 transcurri,
737 1716 774 1771 S)
805 1714 986 1775 hisque
1013 1712 1283 1758 admodum
1309 1711 1470 1757 laces-

95 1792 210 1850 sita,
244 1791 555 1852 competenti
593 1790 642 1835 in
681 1790 793 1835 loco
828 1789 1096 1850 pausando
1133 1788 1337 1847 silesco,
1373 1803 1469 1833 nce

95 1867 383 1928 augustalis
426 1867 793 1928 proceritatem
842 1866 1185 1912 excellentiae
1227 1865 1340 1911 sine
1383 1864 1469 1910 du-

95 1949 208 1990 catu
259 1959 464 2005 appono
520 1944 711 1990 subire.
793 1943 847 1988 Si
903 1943 1036 1989 enim
1085 1940 1468 1988 facundissimis

95 2020 577 2066 dissertissimorum
634 2020 930 2079 sententiis,
988 2033 1116 2080 quas
1172 2018 1257 2064 vel
1317 2017 1467 2063 modo

95 2097 313 2158 scriptas
361 2096 442 2142 vel
487 2097 627 2142 ocius
648 2096 687 2152 ⁹)
735 2095 797 2141 de
836 2096 914 2141 his
950 2097 1106 2141 rebus
1147 2109 1250 2140 non
1295 2093 1467 2139 dubito

95 2172 208 2218 fore
247 2171 565 2230 scribendas,
596 2171 782 2217 fuerim
812 2171 1054 2229 animata,
1087 2170 1314 2216 fortasse
1346 2184 1470 2215 nan-

95 2250 335 2308 ciscerer,
370 2248 506 2294 unde
544 2248 643 2293 mei
672 2248 929 2294 rusticitas
952 2247 1219 2293 velaretur
1242 2246 1470 2307 aliquan-

94 2326 271 2387 tisper.
339 2326 489 2371 Nunc
533 2328 703 2371 autem
751 2339 904 2370 omne
951 2324 1085 2370 latus
1119 2328 1263 2370 tanto
1299 2322 1466 2384 magis

154 2507 187 2559 ⁵)
220 2506 505 2556 digestum,
546 2502 650 2555 M.⁶)
692 2505 854 2549 esset,
898 2503 1002 2543 fehlt
1039 2503 1080 2542 in
1119 2502 1207 2542 Ptz.
1267 2501 1304 2554 ⁷)
1334 2502 1469 2541 hanc

225 2564 356 2611 aliter,
390 2562 450 2611 S.;
494 2576 588 2613 ego
630 2561 734 2599 fehlt
762 2561 801 2599 in
834 2560 874 2599 C.
906 2575 943 2600 u.
976 2560 1015 2600 S.
1074 2560 1107 2612 ⁸)
1140 2565 1467 2608 transcurre,

224 2620 279 2658 M.
320 2633 357 2658 u.
389 2620 454 2669 P.;
494 2623 894 2667 transcurrere,
936 2617 978 2658 C.
1009 2631 1045 2656 u.
1079 2616 1118 2657 S.
1184 2617 1218 2669 ⁹)
1249 2616 1293 2656 P.
1324 2617 1470 2656 {indert

211 2677 359 2718 ocius
389 2677 431 2716 in
461 2676 652 2730 potius.
