1702 2939
782 175 1097 219 ..243-

759 292 1109 346 Paphnutius,

254 362 333 408 Qui
363 364 558 408 amente-²,
590 361 685 400 dum
716 373 837 401 caeco
869 362 1002 410 corde,
1035 362 1124 414 quis
1154 362 1265 401 illam
1291 361 1424 410 adeat,
1455 363 1618 403 oenten-

255 431 366 479 duut,
399 430 582 470 convicia
613 434 853 482 congerunt.

671 495 673 497 ’
797 498 1083 552 Discipuli.

257 567 392 610 Unum
422 568 564 607 vitium
595 571 713 620 parat
747 568 868 606 aliud.

762 636 1113 688 Paphnutius.

253 705 424 754 Deinde,
456 704 554 744 inito
586 705 819 753 certamine,
850 718 957 745 nunc
988 718 1060 744 ora
1088 718 1292 758 naresque
1332 705 1480 758 pugnis
1511 705 1620 745 fran-

252 774 408 825 gendo,
448 786 556 813 nune
586 774 708 813 armis
738 773 917 814 vicissim
948 774 1151 821 eiciendo,
1190 773 1450 814 decurrentis
1479 773 1620 814 illuvie

255 842 463 895 sanguinis
494 842 771 881 madefaciunt
800 842 938 881 limina
968 842 1186 894 lupanaris.
1426 853 1428 856 ’

796 910 1076 964 Discipuli.

253 979 287 1020 Ο
321 980 440 1018 nefas
471 979 735 1019 detestabile!

769 1048 1112 1101 Paphnutius.

251 1117 368 1156 Haec
399 1117 568 1170 injuria,
601 1130 721 1170 quam
753 1117 901 1157 deflevi
926 1117 1130 1172 ‘Factoriffi
1162 1117 1264 1156 haee
1295 1119 1358 1157 est
1388 1118 1511 1157 causa
1540 1115 1620 1156 nisi

256 1186 417 1225 doloris.

801 1242 1082 1296 Discipuli.

250 1311 399 1351 Merito
431 1325 555 1364 super
586 1312 660 1351 hoc
692 1312 957 1360 contristaris,
989 1325 1065 1351 nec
1097 1312 1338 1360 dubitamus,
1370 1311 1466 1365 quin
1487 1312 1621 1371 tecum

251 1380 542 1420 contristentur
574 1380 684 1419 cives
715 1380 872 1433 patriae
905 1381 1105 1420 coelestis.
1514 1375 1517 1379 ’
1554 1367 1559 1370 ’

758 1448 1110 1502 Paphnutius,

252 1517 372 1566 Quid,
405 1517 439 1556 si
469 1517 579 1556 illam
610 1517 753 1556 adeam
785 1519 859 1557 sub
892 1519 1027 1571 specie
1059 1517 1261 1567 amatoris,
1294 1518 1328 1557 si
1360 1518 1466 1557 sorte
1496 1531 1618 1558 revo-

254 1586 337 1626 cari
365 1586 495 1639 possit
525 1587 574 1625 ab
606 1586 829 1626 intentione
860 1587 1139 1639 nugacitatis?

800 1655 1082 1708 Discipuli.

252 1723 332 1770 Qui
363 1726 458 1764 tuae
500 1724 734 1776 cogitationi
773 1724 988 1764 instillavit
1028 1725 1158 1774 velle,
1199 1724 1287 1778 ipse
1317 1724 1503 1778 praestet
1532 1723 1618 1765 effi-

254 1793 405 1832 caciam
435 1806 568 1846 posse.

759 1849 1108 1902 Paphnutius.

250 1919 413 1958 Fulcite
444 1931 507 1956 me
540 1918 702 1957 interim
732 1921 921 1971 precibus
953 1919 1145 1967 assiduis,
1176 1932 1228 1958 ne
1260 1931 1430 1972 superer
1459 1917 1618 1959 insidiis

250 1987 386 2026 vitiosi
416 1986 632 2039 serpentis.

795 2044 854 2083 D
845 2059 856 2083 1
870 2058 888 2083 s
905 2044 985 2097 cip
998 2044 1080 2084 uli.

251 2111 331 2158 Qui
363 2125 504 2165 regem
532 2112 756 2166 prostravit
785 2113 1138 2161 tenebricolarum,
1169 2112 1370 2167 largiatur
1386 2111 1458 2153 tib1
1474 2114 1615 2154 eontra

251 2181 409 2221 hostem
440 2181 698 2234 triumphum.

754 2330 1104 2383 Paphnutius.

247 2396 368 2446 Ecce,
398 2398 572 2450 juvenes
603 2398 642 2437 in
676 2399 774 2439 foro.
833 2399 933 2438 Illos
963 2400 1136 2453 primum
1167 2399 1284 2439 adibo
1316 2372 1367 2448 ἐξ
1399 2398 1467 2439 ubi
1496 2399 1612 2449 hane,

251 2479 370 2519 quam
402 2478 565 2519 quaero,
596 2467 814 2518 inveniam,
845 2469 1010 2520 rogabo.

796 2548 1049 2588 Juvenes

248 2614 322 2664 En,
355 2615 521 2668 ignotus
552 2615 712 2669 quidam
745 2630 817 2657 nos
849 2617 955 2666 adit;
988 2617 1258 2671 experiemur,
1290 2617 1386 2670 quid
1415 2617 1527 2669 velit.
1564 2639 1567 2645 s
1593 2624 1613 2648 ²²
