1702 2939
745 211 1058 253 -358—

330 326 447 372 Quod
479 327 752 379 protoplastes
783 326 1060 378 degustavere
1092 329 1297 379 parentes,

217 393 310 434 540.
333 395 511 434 Exuitur
541 395 731 434 membris
763 395 902 434 limoso
933 397 1104 434 stamine
1136 396 1272 443 textis,

214 734 308 775 545.

211 1758 304 1800 560.

210 2099 304 2140 060.

211 2440 305 2481 570.

246 2574 307 2604 541.

329 463 436 503 Proh
469 464 600 503 dolor!
632 467 754 516 atque
785 464 888 502 seris
920 464 1066 503 clausit
1095 476 1169 502 sua
1199 464 1351 504 lumina
1379 464 1532 514 mortis,

331 530 459 571 Coetu
491 537 721 571 nostrarum
753 532 1087 571 circumvallante
1118 545 1302 571 sororum

329 599 531 639 Pcrnimio
564 590 698 639 domni
729 601 825 640 fletu
857 601 1004 639 lectum
1036 601 1230 640 morituri.

331 667 455 721 Cujus
486 669 538 708 ad
569 669 767 722 exequias
799 682 952 708 summo
984 669 1077 709 nisu
1109 669 1374 708 celebrandas

334 736 524 789 Undique
554 740 760 777 nostrates
791 738 1078 778 confluxerunt
1107 738 1379 787 lacrimantes,

329 806 466 857 Atque
497 806 560 844 sui
590 807 715 845 letum
747 807 829 846 cari
859 807 1030 846 senioris
1061 818 1243 846 amarum

327 872 479 912 Omnes
510 874 719 914 inmodicis
750 875 903 927 pariter
933 875 1086 914 flevere
1117 875 1316 914 lamentis.

329 940 409 980 Sed
442 942 593 981 luctum
625 956 851 994 procerum,
882 943 997 995 vulgi
1028 944 1263 995 pariterque
1294 944 1526 990 lamentum,

328 1009 436 1048 Vicit
467 1023 692 1050 nonnarum
722 1011 953 1050 miseranda
984 1012 1152 1062 querela
1182 1023 1369 1060 suarum3

327 1077 443 1122 Quae
473 1091 546 1130 pro
579 1079 743 1118 defectu
775 1079 922 1118 mentis
954 1079 1070 1118 solito
1102 1078 1310 1117 muliebris

327 1145 482 1185 Vivere
514 1151 768 1198 spernentes,
806 1147 1004 1198 citiusque
1035 1147 1136 1186 niori
1167 1147 1389 1199 cupienten,

325 1213 374 1252 In
405 1215 652 1254 lacrimando
684 1216 844 1254 modum
874 1216 1096 1255 voluerunt
1125 1228 1278 1268 ponere
1308 1216 1476 1256 nullum.

326 1281 433 1321 Hine
464 1284 591 1335 patris
624 1284 806 1336 ejusdem
837 1284 920 1322 cari
952 1284 1182 1336 dominique
1211 1284 1378 1335 benigni

327 1349 484 1404 Corpus
515 1365 589 1404 per
619 1353 797 1391 triduum
829 1353 1130 1392 conservabant
1158 1352 1422 1401 inhumatum,

298 1417 408 1458 ,Ceu
438 1433 529 1459 sese
560 1421 735 1460 lacrimis
766 1423 983 1473 sperarent
1012 1434 1131 1473 posse
1161 1421 1310 1459 refusis

324 1487 507 1527 Extineti
536 1489 676 1528 flatum
708 1490 825 1529 citius
857 1501 1053 1528 revocare
1083 1489 1309 1528 reductum.

326 1556 508 1595 Tandem
539 1559 748 1597 consilium
780 1558 943 1611 sapiens
975 1558 1073 1597 satis
1105 1557 1396 1597 advenientum

324 1625 562 1665 Decernens
590 1639 721 1666 vanae
753 1627 840 1679 spei
872 1627 1022 1665 debere
1054 1626 1187 1673 reniti,

326 1692 449 1732 Ocius
480 1695 519 1732 in
551 1696 703 1734 tumulo
735 1709 814 1734 non
846 1696 1000 1747 absque
1032 1695 1171 1734 dolore
1202 1696 1358 1747 parato,

328 1761 410 1800 Sed
441 1763 553 1802 luctu
584 1764 703 1803 nimio
736 1764 1084 1804 circumstantium
1113 1764 1354 1811 madefacto,

323 1829 510 1869 Membra.
541 1832 654 1870 ducis
685 1834 785 1872 tanti
818 1834 941 1883 digne
974 1833 1178 1871 servanda
1208 1832 1334 1871 locari

323 1898 438 1937 Fecit
466 1899 504 1937 in
538 1901 737 1939 ecclesiae
770 1902 913 1942 medio,
946 1914 1066 1952 qnam
1098 1902 1310 1938 struxerat
1339 1900 1437 1952 ipse.

321 1965 412 2005 Illic
442 1970 673 2006 nostrarum
705 1969 838 2007 studio
871 1971 1054 2007 certante
1086 1981 1282 2014 sororum,

325 2033 536 2074 Continuis
566 2037 755 2088 precibus
788 2036 960 2075 dilectus
991 2036 1158 2088 spiritus
1190 2036 1279 2087 ejus

330 2102 500 2155 Semper
532 2102 776 2144 Celsithroni
808 2104 1112 2143 commendatur
1141 2104 1294 2156 pietati.

323 2170 413 2215 Quo
445 2172 515 2211 det
545 2172 581 2211 ei
611 2173 793 2225 requiem
825 2173 1004 2211 clemens
1036 2173 1123 2211 sine
1153 2172 1234 2211 fine
1264 2185 1498 2225 perennem.

383 2239 548 2279 Scilicet
578 2243 673 2280 ante
705 2241 793 2280 dies
825 2244 926 2289 octo,
959 2240 1126 2280 totidem
1157 2254 1315 2292 quoque
1347 2242 1499 2289 noctes,

326 2306 459 2351 Quam
490 2309 604 2347 ducis
637 2322 805 2348 occasus
833 2309 1075 2347 miserabilis
1106 2308 1252 2348 accidit
1283 2309 1415 2360 hujus,

325 2374 458 2426 Ipsius
489 2381 596 2425 nato,
627 2378 717 2428 regi
747 2378 987 2429 quandoque
1020 2378 1170 2424 futuro,

327 2443 518 2482 Nascitur
550 2445 728 2485 IIenrico
760 2446 938 2485 famosus
968 2445 1074 2484 filius
1103 2444 1232 2493 Oddo,

331 2576 477 2612 limina,
499 2577 554 2611 Ap.
591 2578 653 2605 543.
675 2577 838 2611 Domini,
859 2577 930 2605 Lck.
968 2578 1029 2604 55⁰.
1054 2578 1200 2603 meritis
1223 2577 1272 2603 fiir
1293 2578 1449 2612 mentis,
1474 2577 1528 2611 Ap.
1550 2585 1578 2604 n.

334 2623 403 2650 Lck.
441 2625 504 2650 558.
526 2624 655 2648 variae
676 2625 747 2657 spei,
769 2624 813 2657 Ap
841 2624 954 2651 u.Lck.
992 2624 1051 2651 560.
1076 2624 1426 2657 circumstantum,
1447 2622 1481 2649 Η.
1517 2623 1578 2650 565.

333 2669 624 2703 celsithronae,
648 2669 679 2695 ll.
717 2671 777 2696 566.
799 2669 905 2696 Quod
926 2672 977 2704 et,
1001 2669 1055 2703 ΛΡ.
1076 2678 1102 2696 ιι.
1127 2669 1196 2697 Lck.
