1702 2939
613 259 898 303 „95-

85 374 177 417 540.
194 375 282 424 His,
313 388 398 424 n08‚
428 378 688 426 transmissis,
720 379 907 418 constant
951 377 1042 430 quia
1081 375 1244 428 cognita
1283 374 1450 422 cunctis

198 444 434 484 Sermonem
463 447 578 486 vobis
606 451 764 487 tantum
794 447 990 486 faciemus
1023 447 1071 485 ab
1104 445 1193 493 illis,

199 513 348 552 Rarius
379 513 421 552 in
451 516 601 568 templo
632 529 736 568 quae
768 516 990 555 creduntur
1022 516 1108 554 sore
1141 515 1258 553 dicta.

255 580 376 621 Certe
415 597 504 623 cum
545 585 730 624 stabilem
772 585 947 624 volitans
992 586 1189 635 urgueret
1228 582 1269 621 111
1316 582 1454 621 orbem

196 652 386 704 Undique
415 654 619 705 subjectos
660 654 837 692 describi
873 653 1001 705 jussio
1033 653 1174 699 lectos,

84 719 178 761 545.
211 720 396 760 Caesaris
426 721 605 773 Augusti
636 735 881 774 censumque
910 721 985 761 sibi
1015 721 1208 774 profiteri,

201 789 354 843 Joseph
384 791 435 829 ad
464 791 636 844 patriam
665 791 855 830 Bethlem
886 793 1130 844 perrexerat
1159 790 1304 829 urbem

198 858 297 898 Cum
328 859 574 912 desponsata
603 860 763 899 sibimet
792 863 1047 912 praegnante
1079 858 1220 897 Maria.

197 927 251 966 Et
282 941 372 966 cum
403 929 566 968 famosis
598 932 736 968 essent
764 942 892 981 prope
922 928 1131 967 moenibus
1161 927 1285 974 urbis,

199 996 376 1048 Aspexit
406 1011 486 1036 non
518 997 735 1050 corporeis,
767 998 841 1036 sed
870 997 1016 1036 mentis
1044 996 1181 1035 ocellis

82 1062 177 1104 550.
195 1064 422 1105 Comminus
453 1066 557 1105 alma
588 1067 688 1105 duos
718 1066 961 1118 virguncula
990 1073 1100 1105 stare
1132 1065 1325 1118 popellos,

197 1133 332 1175 Unum
359 1135 561 1175 ridentem
589 1149 749 1174 necnon
778 1135 900 1174 alium
929 1135 1217 1174 lacrimantem.

199 1202 318 1249 Quod
348 1203 502 1257 Joseph
531 1204 670 1243 vetulo
701 1216 884 1252 narrans,
915 1204 1070 1243 audivit
1100 1204 1148 1243 ab
1179 1203 1269 1242 illo:

198 1272 395 1321 „Contine
426 1273 607 1325 subjecto
638 1277 795 1312 tantum
826 1279 866 1312 te
896 1274 972 1312 rite
999 1273 1196 1325 jumento,

198 1341 276 1390 „Et
306 1341 400 1389 noli,
431 1355 565 1394 posco,
598 1354 767 1381 narrare
799 1342 1006 1394 superflua
1035 1343 1199 1380 verba.“

85 1422 179 1450 ooo.
253 1410 437 1457 Dixerat,
469 1417 510 1449 et
534 1411 730 1463 juvenem
762 1424 897 1450 coram
926 1410 1117 1464 propexit
1146 1409 1328 1457 herilem,

198 1479 278 1525 Qui
307 1479 382 1519 sibi
411 1479 650 1532 mysterium
680 1480 904 1519 declaravit
934 1480 1182 1532 populorum,

198 1548 312 1588 Talia
342 1552 502 1587 sacrata
533 1548 670 1588 dicens
700 1563 773 1602 pro
805 1549 967 1600 virgine
997 1550 1146 1588 verba:

196 1616 302 1665 „Cur
334 1617 444 1665 dieis,
475 1617 648 1657 Mariam
677 1631 757 1657 non
786 1618 958 1657 verbula
988 1630 1087 1656 vera
1118 1618 1304 1665 locutam,

198 1685 478 1738 „Indignatus‚
511 1699 600 1726 eam
630 1694 833 1726 secretum
863 1699 1032 1725 cernere
1064 1687 1222 1725 solam?

82 1752 175 1794 560.
194 1754 322 1802 „Nam
351 1755 517 1795 flentem
546 1756 739 1809 populum
769 1755 912 1795 merito
943 1755 1044 1794 vidit
1075 1755 1334 1801 Judaeorum‚

195 1823 303 1872 „Qui
331 1837 426 1863 mox
457 1837 479 1864 a
509 1824 678 1864 Domino
710 1825 892 1864 discedet
923 1825 1044 1864 corde
1074 1824 1263 1875 maligno,

199 1892 375 1941 „Contra
405 1894 598 1945 gentilem
631 1894 704 1933 sed
734 1894 889 1933 laetitia
920 1894 1156 1941 fluitantem,

195 1962 286 2011 „Ad
316 1962 411 2001 fidei
440 1975 634 2014 magnum
664 1963 756 2015 quia
788 1963 1002 2016 perveniet
1033 1964 1368 2001 sacramentum.“

254 2030 331 2070 His
363 2031 492 2080 dictis,
523 2031 696 2073 Mariam
724 2032 872 2071 blande
904 2045 1127 2072 conversus
1159 2031 1209 2070 ad
1241 2031 1397 2077 almam,

82 2097 176 2140 565.
194 2100 369 2152 Tempus
400 2101 546 2140 adesse
576 2101 651 2141 sibi
681 2100 885 2140 Christum
916 2104 1055 2140 narrat
1084 2099 1280 2153 pariendi.

199 2169 315 2214 Quae
347 2169 396 2208 de
428 2169 609 2221 subjecto
641 2169 852 2209 descendit
877 2171 992 2223 jussa
1017 2171 1213 2222 jument0‚

196 2237 361 2276 Intrans
393 2238 639 2290 speluncam,
671 2239 744 2278 sub
775 2241 885 2277 terra
916 2238 993 2277 rite
1024 2239 1207 2286 locatam,

197 2306 314 2352 Quae
345 2307 451 2346 male
482 2307 710 2359 praesentis
741 2308 903 2360 penitus
935 2307 1011 2347 fuit
1039 2307 1166 2347 inscia
1195 2307 1310 2356 lucis,

196 2375 249 2415 Et
280 2389 399 2428 quam
430 2377 644 2416 continuae
675 2390 836 2430 semper
867 2380 1037 2416 tenuere
1068 2378 1274 2416 tenebrae.

83 2442 182 2484 570.
200 2444 281 2484 Sed
309 2459 416 2492 mox,
447 2449 492 2485 nt
520 2446 654 2485 lucem
684 2446 864 2498 genitrix
893 2445 1075 2499 paritura
1104 2458 1328 2498 perennem

195 2513 313 2552 Hanc
343 2514 451 2562 adiit,
482 2514 605 2554 radiis
637 2516 771 2569 coepit
800 2516 961 2567 fulgere
992 2515 1183 2563 coruscis,

117 2694 177 2728 542,
199 2694 324 2728 Rarius,
343 2694 383 2721 M.
406 2703 435 2722 u.
455 2695 509 2731 P.;
531 2697 683 2731 Catius,
712 2697 743 2725 C.
764 2705 792 2725 u.
816 2696 846 2727 S.
883 2696 944 2727 543.
966 2697 1113 2723 veniret
1133 2696 1161 2723 in
1182 2695 1291 2730 orbem,
1314 2693 1344 2722 C.
1365 2702 1393 2721 u.
1414 2692 1444 2720 S.

206 2740 266 2770 544.
287 2741 423 2776 Lectus,
445 2742 476 2769 Ρ.
