1702 2939
780 201 1092 244 —228-—

259 317 318 356 tui
349 316 501 365 coaevi,
531 317 604 356 sed
637 318 757 357 etiam
790 318 902 357 senio
928 319 1013 371 jam
1045 318 1218 358 confecti
1250 321 1290 358 te
1320 317 1482 368 adeunt,
1506 320 1548 359 te
1580 317 1634 359 ad

267 387 485 426 amandum
514 386 733 426 confluunt.

864 443 906 482 M
920 457 943 483 a
956 458 974 483 r
988 445 1043 484 ia.

260 512 515 565 Quicumque
546 526 609 552 me
642 512 830 564 diligunt,
846 512 900 565 ⁴²²)
932 513 1145 565 aequalem
1175 514 1322 554 amoris
1352 513 1484 554 vicem
1513 526 1537 554 a
1566 528 1630 554 me

260 582 472 633 recipiunt.

809 638 845 677 Α
856 639 879 677 b
894 652 912 677 r
926 651 948 677 a
961 639 985 677 h
998 651 1021 677 a
1033 652 1082 677 m.

262 706 443 754 Accede,
473 705 618 756 Maria,
651 709 691 746 et
721 707 773 746 da
802 707 897 746 mihi
928 708 1122 746 osculum.

856 775 1037 815 Maria.

260 843 351 883 Non
383 844 513 883 solum
544 844 677 883 dulcia
707 844 846 883 oscula
875 845 1024 893 libabo,
1056 844 1130 884 sed
1160 844 1282 884 etiam
1310 845 1466 885 crebris
1497 845 1627 885 senile

262 913 409 951 collum
440 913 696 965 amplexibus
726 914 921 952 mulcebo.

809 982 847 1021 A
859 983 881 1021 b
893 995 913 1020 r
926 994 948 1020 a
960 982 985 1020 h
999 994 1022 1020 a
1036 995 1085 1021 m.

261 1036 352 1077 Hoc
382 1039 489 1077 volo.

868 1095 1043 1134 Maria.

267 1163 375 1208 Quid
407 1163 570 1202 sentio?
605 1163 715 1208 Quid
747 1165 974 1216 stupendae
1006 1164 1198 1203 novitatis
1230 1164 1433 1216 gustando
1464 1163 1635 1204 haurio?

263 1231 384 1278 Ecce,
417 1233 515 1271 odor
547 1232 662 1270 istius
694 1233 946 1283 fragrantiae
978 1233 1210 1284 praetendit
1241 1233 1509 1285 fragrantiam
1538 1232 1636 1272 mihi

266 1301 470 1353 quondam
499 1301 674 1340 usitatae
705 1301 986 1340 abstinentiae.

813 1370 1089 1409 Abraham.

264 1438 397 1486 Nunc,
428 1451 536 1477 nunc
575 1443 638 1478 est
657 1438 711 1491 ⁴³)
757 1438 1044 1487 simulandum,
1087 1452 1194 1478 nune
1233 1439 1486 1478 lascivientis
1525 1451 1637 1479 more

265 1508 383 1560 pueri
410 1506 513 1559 jocis
543 1507 785 1555 instandum,
808 1520 860 1545 ne
892 1511 934 1546 et
963 1521 1040 1558 ego
1071 1519 1273 1558 agnoscar
1297 1520 1396 1561 prae
1419 1508 1636 1560 gravitate,

266 1580 308 1615 et
338 1576 426 1628 ipsa
457 1589 502 1615 se
533 1576 681 1615 reddat
711 1576 888 1615 latibulis
920 1588 1018 1628 prae
1049 1576 1217 1629 pudore.

860 1643 1043 1683 Maria.

266 1712 356 1751 Vae
396 1712 492 1752 mihi
532 1712 706 1752 infelici!
751 1713 870 1755 Unde
911 1713 1039 1752 cecidi
1078 1716 1120 1753 et
1158 1713 1199 1753 in
1237 1726 1359 1766 quam
1396 1713 1637 1768 perditionis

268 1782 431 1821 foveam
462 1782 627 1821 corrui?

813 1839 1088 1879 Abraham.

267 1904 347 1945 Hic
376 1919 457 1945 non
489 1909 552 1945 est
581 1909 702 1959 aptus
733 1908 926 1959 querelae
956 1909 1091 1957 locus,
1132 1908 1200 1947 ubi
1239 1908 1505 1949 convivarum
1541 1921 1635 1948 con-

268 1975 357 2014 fluit
390 1978 628 2015 conventus.

772 2042 1129 2085 stabularius.

274 2106 430 2149 Domna
460 2110 603 2160 Maria,
636 2125 708 2151 cur
739 2113 914 2165 suspiria
945 2114 1103 2153 trahis?
1145 2111 1227 2153 Cur
1256 2113 1397 2153 mades
1426 2113 1635 2153 lacrimis?

271 2175 416 2217 Nonne
448 2193 522 2232 per
552 2181 757 2220 biennium
795 2182 859 2220 hic
891 2182 1212 2230 conversabaris,
1253 2184 1295 2222 et
1334 2194 1552 2234 numquam
1582 2194 1637 2221 ex

269 2250 310 2286 tc
342 2255 519 2298 gemitus
549 2250 745 2303 prorupit,
776 2263 995 2302 numquam
1025 2251 1180 2290 tristior
1210 2263 1342 2291 sermo
1372 2250 1552 2304 prodiit?

862 2329 1042 2369 Maria.

271 2393 318 2443 O,
349 2395 502 2434 utinam
542 2397 710 2437 fuissem
749 2401 843 2438 ante
859 2399 912 2452 ⁴⁴²)
945 2400 1066 2438 trium
1102 2411 1299 2439 annorum
1338 2399 1469 2453 spatia
1505 2400 1635 2439 morte

275 2465 500 2517 absumpta,
531 2479 582 2504 ne
614 2467 665 2505 ad
696 2470 810 2506 tanta
841 2468 1079 2512 devenirem
1106 2468 1282 2520 flagitia!

306 2620 356 2656 ⁴2)
376 2621 554 2656 diligunt,
579 2621 617 2647 Μ.
657 2621 706 2656 ⁴3]
726 2626 781 2649 ent
800 2623 911 2649 fehltin
923 2623 1062 2657 P.,c.‚s.
1081 2631 1108 2649 u.
1136 2623 1196 2658 Mg.
1232 2623 1283 2657 44)
1301 2625 1369 2650 ante
1386 2624 1472 2651 trium
1491 2625 1634 2653 morte...

392 2667 450 2704 M.;
472 2675 515 2694 an
525 2675 542 2693 n
552 2675 569 2694 ο
578 2676 592 2694 r
601 2675 652 2694 um
673 2676 714 2703 sp
725 2672 759 2694 at
770 2669 803 2695 ia
821 2670 858 2694 int
869 2669 1034 2704 Correetur,
1053 2668 1162 2696 welche
1175 2669 1250 2696 auch
1262 2669 1306 2704 P„
1317 2669 1359 2704 C.‚
1375 2669 1406 2696 S.
1419 2678 1447 2697 u.
1458 2669 1517 2705 Mg.
1529 2669 1632 2698 haben·
