1702 2939
772 182 1052 226 “36-

238 311 398 354 890.Et
427 324 548 364 quem
577 314 817 352 cunctorum
847 311 1084 351 cecinerunt
1113 310 1293 349 carmina
1321 313 1472 351 vatum.

351 379 459 419 Hinc
488 380 662 432 genitori
691 383 760 419 tuo
787 384 950 419 maneat
978 393 1051 432 per
1080 379 1219 418 secula
1249 382 1398 418 cuneta

348 447 489 487 Gloria
517 449 566 487 de
597 449 752 488 cunctis
785 456 825 487 et.
854 449 943 487 lans
971 453 1139 486 aeterna
1172 448 1332 495 creatis,

353 516 432 562 Qui
465 517 535 556 tibi
565 517 713 556 dilecto
742 517 915 556 nescivit
943 529 1113 569 parcere
1143 520 1250 565 nato,

351 584 406 624 Et
435 585 516 632 tibi,
552 584 724 634 Christe,
753 586 877 625 det-us
907 599 1067 637 perpes,
1097 585 1278 633 victoria,
1307 585 1449 633 virtus,

238 650 331 693 895.
345 652 553 704 Sanguine
583 654 649 705 qui
678 654 869 693 mundum
900 654 988 692 suso
1018 653 1181 692 redimis
1213 653 1448 706 periturum,

352 721 536 762 Flamine
567 735 656 761 cum
686 735 814 770 sacro,
847 722 945 760 secli
975 735 1049 775 per
1079 725 1262 774 tempora
1291 725 1447 770 cuncta,

353 787 497 830 Gratia
527 791 715 830 coelestis
745 804 818 844 per
847 804 965 841 quem
997 790 1235 829 conceditur
1266 790 1413 830 omnis!

351 857 500 904 Qualia
528 859 752 898 retribuam
782 859 942 898 Fac-tori
970 872 1140 897 munera
1170 871 1278 898 nunc
1302 859 1387 911 jam

351 925 429 965 Pro
459 927 615 966 cunctis
643 927 787 979 digne,
817 927 997 966 mihimet
1025 939 1129 978 quae
1158 927 1336 966 reddidit
1362 927 1462 980 ipse,

238 991 330 1034 900.
345 993 424 1039 Qui
453 995 542 1047 pius
573 996 778 1047 indignam
810 995 927 1034 solita
956 996 1107 1048 pietate
1137 995 1353 1044 famellam,

351 1061 431 1109 Me,
462 1063 557 1102 lieet
582 1064 724 1111 exiles,
755 1064 851 1103 sec-it
879 1064 1115 1116 persolvere
1144 1066 1317 1116 grates?

350 1129 426 1169 His
455 1144 579 1184 super
607 1132 820 1183 angelicae
850 1131 1066 1179 coelorum,
1095 1145 1229 1184 posco,
1259 1135 1451 1172 catervae

352 1197 595 1239 collaudare
621 1199 752 1239 Deum
783 1213 862 1240 non
891 1203 1055 1238 cessent
1083 1199 1224 1239 sedulo
1255 1202 1418 1240 verum!

270 1356 332 1384 891.
353 1357 549 1391 genitore..
571 1356 619 1390 M„
641 1357 671 1383 P.
694 1365 721 1383 u.
745 1357 775 1384 C.
813 1358 875 1385 899.
900 1358 1034 1391 seddi«t
1055 1356 1095 1384 M.
