1702 2939
746 196 1059 238 -168—

785 313 807 352 J
822 313 927 352 ulia
941 326 965 351 n
979 326 1003 351 u
1016 326 1046 351 s.

230 384 320 424 Non
352 382 512 429 nescio,
544 394 640 428 vos,
673 381 881 420 Johannos
913 385 954 419 et
984 381 1121 429 Paule,
1153 393 1176 420 a
1207 379 1420 420 cunabulis
1449 379 1593 432 Augu-

230 457 383 491 storum
399 451 452 503 ὃἸ)
482 450 730 503 mancipatos
760 449 886 488 fuisso
918 449 1120 501 obsequio

765 517 1048 557 Johannes

231 577 411 618 Fuimus.

786 631 811 671 J
821 632 865 671 ιι]
880 632 890 670 i
904 644 926 670 a
939 645 964 670 n
977 645 1003 670 ιι
1015 645 1045 670 3.

230 701 349 743 Unde
381 701 510 747 decet,
553 702 610 749 nt,
654 713 744 740 meo
773 700 1034 739 inhaerentes
1064 700 1194 748 lateri,
1239 699 1428 740 serviatis
1457 699 1496 739 in
1525 711 1596 753 pa.-

231 769 338 818 latio,
370 769 410 808 in
439 782 518 821 quo
548 769 690 808 nutriti
722 769 819 808 estis
851 781 874 807 a
905 782 1043 820 puero.

806 837 837 876 P
851 850 873 875 a
885 837 933 875 ul
952 850 976 874 ιι
990 850 1019 875 3.

231 894 347 935 Haut
376 894 613 933 serviemus,

782 950 807 991 J
819 951 929 990 ulia
941 965 966 990 n
979 965 1006 990 u
1017 965 1047 990 s.

230 1019 440 1072 Mi11in‘⁶³)
471 1033 551 1059 non
582 1019 803 1059 servictis?

776 1087 1062 1126 Johanncs

231 1145 432 1185 Diximus

791 1200 816 1241 J
826 1201 897 1240 uli
911 1214 934 1240 a
946 1215 972 1240 n
983 1215 1009 1240 ιι
1022 1215 1052 1240 s.

231 1270 339 1311 Num
368 1283 450 1310 non
479 1269 622 1309 videor
639 1268 692 1322 ⁶⁴)
724 1269 937 1321 Augustus
949 1271 968 1309 ἱ)

809 1339 841 1378 P
854 1351 877 1378 a
890 1353 915 1378 u
927 1339 977 1378 lu
988 1352 1019 1378 s.

231 1407 317 1448 Sed
349 1407 553 1446 dissimilis
584 1407 796 1460 prioribus

782 1475 807 1515 J
819 1476 892 1514 uli
906 1488 928 1514 a
941 1490 967 1514 n
981 1490 1006 1515 u
1019 1490 1049 1515 3.

229 1533 279 1573 In
311 1534 421 1585 quo?

769 1589 1060 1637 Johanneffi

229 1647 446 1699 Religione
478 1649 520 1685 et
549 1646 705 1685 merito.

784 1715 959 1755 Julian
971 1728 1037 1754 us.

228 1771 390 1812 Vellem
421 1772 581 1825 plenius
611 1772 764 1812 audire.

808 1841 1011 1880 Paulus.

226 1909 281 1948 Et
299 1909 351 1960 ⁶⁵)
382 1909 571 1948 volumus
603 1909 751 1948 dicere.
797 1907 1086 1948 Gloriosissimi
1117 1913 1158 1947 ct
1188 1909 1442 1949 famosissimi
1470 1909 1595 1963 impe-

228 1981 388 2016 ratores
426 1976 738 2026 Constantinus,
781 1975 979 2016 Constans
1026 1980 1066 2015 et
1108 1976 1380 2026 (¹0nstantius,
1425 1990 1596 2029 quorum

227 2046 523 2084 famulabamur
553 2046 733 2097 imperio,
767 2046 881 2084 fuere
912 2045 990 2084 viri
1023 2045 1344 2085 christianissimi
1375 2048 1416 2085 ct
1445 2046 1593 2098 gloria-

226 2115 385 2162 bantur,
417 2127 461 2152 se
488 2127 631 2152 servos
663 2127 754 2153 esse
785 2113 944 2153 Christi.

781 2182 805 2221 J
817 2182 954 2221 ulian
968 2196 991 2220 ιι
1005 2196 1034 2220 3.

225 2249 402 2298 Memini,
434 2250 506 2289 sed
536 2263 616 2290 non
648 2252 755 2302 opto,
788 2264 856 2289 eos
887 2251 925 2289 in
959 2251 1034 2290 hoc
1050 2250 1103 2303 66)
1135 2251 1260 2302 sequi.

811 2319 1016 2358 Paulus.

222 2387 438 2426 Deteriora
479 2387 657 2426 imitaris.
719 2387 798 2432 Qui
837 2387 1032 2426 eeclesias
1074 2387 1390 2439 frequentabant
1435 2391 1487 2436 et,
1519 2401 1590 2427 ex*

224 2468 341 2494 cusso
374 2455 615 2502 diademate,
647 2456 841 2508 prostrati
873 2455 1015 2494 Jesuul
1046 2454 1250 2495 Christum
1281 2455 1514 2496 adorabant.

255 2613 305 2646 62)
328 2612 368 2638 M.
389 2612 437 2638 hat
457 2611 537 2638 nicht
557 2612 606 2639 Au
619 2612 747 2646 gusiio
759 2621 795 2638 ru
809 2620 844 2645 m⁷
866 2621 888 2637 s.
910 2612 968 2646 Mg.
990 2621 1018 2646 p.
1038 2613 1081 2639 92.
1109 2612 1190 2638 Αιιηι.
1210 2619 1235 2638 n.
1273 2613 1323 2648 63)
1342 2613 1447 2647 Mihi,
1468 2614 1501 2641 C.
1536 2613 1587 2648 64)

326 2659 512 2694 videmur,
534 2658 563 2686 (’.
578 2657 647 2685 ιι.5.
684 2660 735 2695 65)
756 2658 796 2683 Et
818 2658 890 2684 fehlt
909 2659 936 2683 in
961 2658 1001 2692 (ἶ,
1015 2658 1043 2683 S.
1056 2666 1083 2684 ιι.
1097 2657 1154 2694 Mg.
1191 2659 1241 2692 66)
1261 2659 1289 2685 in
1312 2659 1367 2685 hoc
1390 2667 1450 2694 eos,
1472 2659 1502 2688 C.
1516 2667 1543 2688 ιι.
1557 2658 1590 2687 S.
