1702 2939
620 184 935 228 -eooss

626 303 925 343 Abbatissa.

87 373 326 414 Mutationis
358 375 516 413 auctori
547 376 699 424 grates.

608 441 952 493 Paphnutius.

88 511 195 556 Quia
227 511 333 549 enim
374 510 588 561 aegritudo
621 510 846 548 animarum
883 521 1014 560 aeque
1045 510 1090 548 ut
1120 522 1337 561 corporum
1370 522 1462 549 con-

85 580 221 619 trariis
239 579 291 631 ⁵⁹)
333 579 514 618 curanda
545 583 608 618 est
640 579 821 626 medelis,
855 591 1110 629 consequens
1142 581 1226 625 est,
1267 581 1312 617 ut
1344 579 1462 627 haee,

87 660 110 686 a
140 648 260 687 solita
278 648 330 700 ⁶⁰)
372 648 644 686 saecularium
683 647 963 699 inquietudine
995 650 1264 699 sequestrata,
1297 648 1383 687 sola
1422 648 1462 686 in

87 720 266 768 angusta
296 717 534 756 retrudatur
565 716 734 764 cellula,
777 729 854 767 quo
895 716 1062 755 liberius
1094 717 1224 769 possit
1254 717 1461 755 discutere

86 785 148 824 sui
180 786 358 824 crimina.

618 842 656 881 A
668 843 693 881 b
704 843 729 881 b
742 854 765 880 a
779 841 848 881 tis
861 855 879 880 s
893 854 926 880 a.

82 910 172 950 Hoc
202 911 456 964 potissimum
485 911 664 963 prodest.

591 980 623 1020 P
638 992 659 1018 a
672 994 696 1032 p
711 980 737 1018 h
749 993 776 1018 n
787 993 813 1018 u
825 982 841 1018 t
854 979 865 1018 i
878 993 903 1018 u
917 993 946 1018 s.

83 1049 248 1099 Manda,
280 1052 326 1090 ut
357 1050 599 1102 quantocius
631 1049 780 1088 cellula
812 1050 1085 1088 construatur.

617 1118 924 1158 Abbatissa.

81 1187 215 1228 Parvo
247 1188 378 1241 spatio
408 1188 657 1241 perficiatur.
675 1187 728 1239 ⁶¹)

592 1255 944 1308 Paphnutius.

79 1325 227 1365 Nullus
269 1325 483 1373 introitus,
525 1326 663 1364 nullus
705 1325 962 1376 reiinquatur
996 1324 1152 1373 aditus,
1195 1324 1269 1363 sed
1309 1324 1458 1363 solum-

80 1395 197 1434 modo
231 1395 385 1446 exigua
416 1395 619 1442 fenestra,
658 1408 732 1446 per
764 1406 884 1446 quam
913 1394 1115 1432 modicum
1144 1393 1272 1445 possit
1302 1393 1457 1432 victum

80 1464 288 1516 accipere,
330 1476 450 1514 quem
492 1463 655 1502 statutis
695 1463 836 1501 diebus
882 1466 924 1502 et
962 1462 1072 1501 horis
1112 1462 1172 1501 illi
1213 1462 1383 1502 debebis
1403 1462 1456 1514 62)

79 1545 203 1585 parce
232 1532 462 1585 praebitum
493 1532 564 1570 ire.

610 1600 648 1639 A
660 1601 684 1639 b
696 1600 720 1638 b
734 1599 836 1639 atis
849 1613 866 1638 s
878 1612 911 1639 a.

77 1669 251 1718 Vereor,
285 1669 392 1721 quod
427 1669 628 1708 delicatae
659 1669 890 1708 teneritudo
921 1668 1069 1707 mentis
1111 1681 1236 1720 aegre
1273 1668 1453 1721 patiatur

77 1737 360 1778 difficultatem
391 1738 495 1777 tanti
529 1737 690 1777 laboris.

593 1806 940 1859 Paphnutius

77 1874 144 1915 Ne
176 1875 218 1914 id
247 1887 440 1925 vereare3
477 1888 571 1915 nam
602 1888 733 1928 grave
765 1875 958 1915 delictum
989 1876 1094 1915 forte
1123 1874 1331 1914 desiderat
1359 1888 1450 1928 spe-

76 1956 171 1982 rare
201 1945 438 1983 remedium.

607 2001 861 2054 *Kb-batiss
876 2014 910 2041 a.

76 2056 244 2097 Verum.

596 2114 939 2169 Pa'phnutius.

79 2183 238 2223 Taedet
266 2197 330 2223 me
360 2183 491 2235 magis
521 2197 747 2233 morarum,
788 2185 882 2237 quia
919 2185 1062 2233 timeo,
1104 2184 1215 2224 illam
1245 2183 1450 2238 eorrumpi

75 2253 310 2293 visitatione
341 2253 558 2292 hominum.

612 2321 916 2361 Abbatissa.

78 2388 160 2430 Cur
190 2391 370 2431 taedium
397 2391 584 2444 pateris?
616 2390 699 2431 Cur
727 2391 839 2429 illam
868 2403 949 2430 non
980 2390 1184 2431 includis?
1214 2390 1335 2441 Eece,
1369 2392 1448 2431 eel-

76 2459 172 2509 lula,
205 2472 324 2512 quam
355 2460 610 2509 desiderasti,
640 2462 703 2499 est
732 2460 929 2513 perfecta.

111 2618 160 2653 59)
180 2617 412 2652 contrariis,
435 2617 507 2644 fehlt
527 2617 554 2644 in
577 2619 608 2646 C.
632 2625 660 2644 u.
683 2616 712 2646 S.
750 2618 800 2652 60]
823 2625 839 2643 a
857 2617 980 2644 solito
1001 2618 1294 2653 saeculariumque,
1315 2618 1347 2647 C.
1368 2627 1397 2647 u.
1417 2617 1447 2645 S.

179 2665 229 2700 61)
251 2664 490 2699 perficietur,
511 2664 543 2693 C.
565 2673 592 2692 u.
615 2664 644 2691 S.
682 2665 731 2700 62)
753 2664 884 2700 debeS,
904 2663 935 2692 C.
956 2673 984 2690 u.
1004 2664 1035 2691 S.

1081 2699 1174 2742 17*
