1702 2939
622 205 938 246 -ξὲᾧῖ-ὰ

596 322 950 374 Paphnutius.

90 389 195 436 Quia
239 390 301 429 his
347 390 671 438 abrenuntiasti,
717 404 894 443 superno
940 392 1110 431 amatori
1150 393 1236 445 jam
1280 407 1390 434 nuno
1409 393 1463 448 ⁵¹)

89 460 242 512 poteris
275 460 467 511 copulari.

689 516 858 555 Thais.

88 585 219 624 Tuum
251 586 324 629 est,
356 586 452 624 mihi
469 586 583 624 velut
599 585 712 624 radio
743 585 1038 638 praescribere,
1071 587 1168 639 quid
1193 601 1256 626 me
1277 591 1464 641 oporteat

90 654 240 693 sactum
258 654 309 706 ⁵²)
340 655 410 693 ire.

242 764 245 767 ῃ
599 711 952 763 Paphnutius.

89 768 271 820 Sequere
309 782 384 808 me.

688 826 856 865 Thais.

89 895 246 947 Sequar
278 896 385 933 enim
416 895 710 944 ambulatione3
757 909 778 934 o
810 896 964 936 utinam
995 910 1194 949 sequerer
1215 897 1272 949 ⁵³)
1314 900 1354 937 et
1395 911 1460 938 ac-

88 964 219 1003 tione!

598 1078 950 1131 Paphnutius.

88 1146 196 1186 Ecce
245 1146 504 1194 coenobium,
546 1147 586 1186 in
633 1161 711 1199 quo
751 1161 961 1187 sacrarum
978 1148 1030 1201 ⁵4)
1075 1149 1285 1201 virginum
1323 1152 1461 1190 nobile

90 1219 360 1259 commoratur
401 1216 628 1267 collegium.
698 1216 757 1255 Eo
798 1217 877 1256 loci
920 1218 1052 1268 gestio
1093 1220 1134 1257 te
1175 1232 1362 1259 mansum
1401 1220 1462 1259 ire

89 1285 275 1336 agendae
308 1285 484 1337 spatium
516 1285 803 1337 poenitentiae.

689 1354 720 1393 Τ
734 1355 759 1392 h
771 1354 858 1394 ais.

87 1411 181 1451 Non
213 1412 501 1450 contraluctor.

598 1468 952 1520 Paphnutius.

86 1538 254 1578 Intrabo
287 1541 329 1576 et
358 1537 626 1585 abbatissam,
659 1537 883 1577 ductricem
911 1539 1143 1591 virginum,
1174 1553 1248 1593 pro
1280 1540 1340 1580 tui
1372 1554 1460 1579 sus-

88 1608 275 1660 ceptione
306 1607 489 1659 placabo.

684 1663 715 1702 T
729 1663 755 1702 h
767 1664 856 1703 ais.

88 1733 197 1780 Quid
225 1734 345 1786 jubes
376 1746 440 1771 me
471 1731 631 1771 interim
663 1745 788 1783 agere
798 1734 817 1772 P

595 1800 626 1839 P
639 1813 663 1840 a
674 1815 700 1854 p
715 1802 739 1840 h
752 1815 778 1840 11
791 1816 817 1841 11
829 1804 845 1841 t
856 1802 868 1840 i
881 1816 906 1841 u
918 1815 948 1841 s.

86 1859 254 1899 Mecum
285 1872 474 1912 pergere.

682 1916 713 1955 T
727 1916 753 1955 h
766 1916 858 1955 ais.

86 1975 142 2016 Ut
168 1976 300 2027 jubes.

598 2030 949 2084 Paphnutius.

86 2100 207 2149 Ecce,
239 2100 444 2139 abbatissa
476 2099 663 2138 occurrit.
722 2100 925 2149 Admiror,
958 2100 1048 2152 quis
1079 2100 1160 2148 illi,
1191 2113 1265 2140 nos
1298 2100 1457 2150 adesse,

87 2173 171 2209 tam
201 2170 281 2209 cito
313 2168 513 2208 retulerit.

691 2225 863 2264 Thais.

87 2295 227 2345 Fama,
260 2308 364 2348 quac
395 2295 508 2334 nulla
539 2293 756 2345 stringitur
786 2306 909 2333 mora.

598 2432 950 2484 Paphnutius,

93 2500 332 2555 Opportune
364 2501 556 2549 occurris,
589 2501 761 2540 illustris
792 2500 1010 2549 abbatissa,
1042 2503 1082 2540 te
1113 2500 1244 2554 ipsam
1269 2513 1432 2553 quaero.

122 2636 171 2672 51)
189 2636 262 2668 jam
294 2644 402 2669 nunc.
423 2636 496 2662 fehlt
524 2637 570 2661 bei
590 2636 619 2664 S.
660 2636 709 2670 52)
733 2635 928 2662 facturum
959 2636 1027 2670 ire,
1059 2635 1099 2664 M.
1123 2644 1150 2662 u·
1170 2636 1202 2662 P.
1239 2636 1290 2671 53)
1312 2642 1461 2669 sequier,

193 2682 232 2708 M.
254 2691 281 2708 u.
302 2683 334 2710 P.
373 2682 422 2717 54)
447 2681 572 2716 suern,
595 2682 652 2719 M.3
675 2682 704 2708 P.
730 2682 895 2708 verbessert
919 2681 945 2708 ln
969 2689 1178 2708 sacrarum.

1137 2718 1186 2758 17
