1702 2939
780 187 1092 230 -346-

365 303 433 354 „Si
465 306 720 344 sacramento
751 304 996 344 confirmatis
1029 304 1125 344 mihi
1156 304 1275 353 sacto,

251 371 340 413 180.
363 373 503 422 „Haec
534 373 574 412 in
605 373 787 413 coenobii
817 374 1007 412 venerari
1032 375 1116 425 jain
1148 374 1358 414 memorati

361 442 613 490 „Finetenus
643 442 793 495 templo
823 442 953 481 vestri
983 442 1203 481 munimine
1235 442 1356 490 sacto,

361 510 516 558 „Nocte
548 510 694 564 dieque
727 511 854 550 sacris
885 510 966 550 illic
996 511 1280 550 resonantibus
1312 511 1484 564 hymnis,

360 579 553 627 „Necnon
584 592 757 621 accenso
788 579 999 632 praeclaro
1030 579 1180 618 lumine
1211 593 1385 632 semper,

362 647 477 696 „Hoc
509 652 550 688 et
580 648 790 701 apostolici
817 648 933 706 juris,
965 648 1070 687 sicut
1101 651 1142 688 et
1170 648 1355 701 petiistis,

249 715 339 756 180.
363 715 637 764 „Coenobium
666 716 794 756 nostri
826 716 1089 768 designamus
1121 716 1272 764 ditioni,

359 785 440 833 „Ut
470 789 726 825 terrenorum
757 785 809 825 sit
840 798 1032 825 securum
1061 785 1350 825 dominorum.“

359 853 436 893 His
468 855 553 894 dux
583 855 790 907 promissis
822 855 998 894 laetatus
1030 854 1152 894 corde
1183 854 1388 904 verendis,

359 921 565 962 Mandatis
597 936 641 962 se
673 923 872 975 pontificis
903 923 1046 962 summi
1076 924 1162 962 sore
1195 923 1321 963 sacris

362 990 461 1031 Mox
492 1004 783 1044 responsurum
814 992 945 1040 factis,
969 992 1109 1044 inquit,
1141 992 1344 1041 studiosis,

251 1057 342 1098 190.
364 1059 444 1105 Qui
476 1060 581 1099 soret
610 1060 785 1099 ecelesia
816 1061 964 1111 dignus
994 1073 1091 1100 mox
1120 1060 1383 1100 aedificanda,

357 1127 411 1168 Ut
443 1128 524 1167 sert
553 1128 773 1168 multorum
804 1128 1008 1168 sententia
1039 1141 1138 1167 vere
1172 1129 1383 1178 scientum,

355 1196 548 1236 Proxima
578 1197 772 1236 coenobio
803 1197 940 1237 suerat
969 1200 1066 1236 tunc
1097 1197 1256 1246 silvula,
1289 1198 1422 1237 cincta

360 1263 538 1305 Collibus
570 1266 782 1314 umbrosis,
814 1267 960 1317 quibus
992 1269 1033 1305 et
1062 1278 1136 1305 nos
1167 1266 1367 1318 cingimur
1398 1266 1520 1320 ipsis3

358 1333 529 1373 Necnon
561 1334 600 1373 in
632 1334 738 1373 silva
768 1334 905 1373 fuerat
934 1334 1012 1374 sita
1042 1334 1215 1386 parvula
1245 1335 1354 1383 villa,

247 1400 407 1442 195111
439 1415 520 1455 qua
549 1402 726 1442 Liudulfi
756 1403 862 1442 soliti
894 1403 1100 1442 stabulare
1130 1403 1300 1451 subulci,

354 1470 470 1510 Intra
501 1474 618 1524 septa
646 1472 726 1510 viri
758 1472 970 1524 eujusdam
1001 1471 1111 1510 lassa
1142 1471 1268 1523 quieti

355 1538 536 1592 Corpora
566 1540 775 1579 nocturnis
807 1553 882 1580 sua
912 1553 1175 1593 composuere
1207 1541 1281 1580 sub
1313 1540 1434 1589 horis,

356 1607 461 1647 Dum
493 1608 568 1648 sibi
599 1609 832 1648 commissos
864 1609 1069 1648 debebant
1098 1621 1268 1662 pascere
1299 1623 1454 1662 porcos.

358 1675 436 1716 Hic
468 1677 683 1729 quondam,
715 1691 808 1717 cum
838 1681 1072 1717 sanctorum
1103 1677 1340 1717 venerabile
1371 1678 1522 1718 festum

241 1742 335 1784 200.
355 1744 478 1785 Esset
509 1748 747 1785 cunctorum
777 1759 872 1785 mox
904 1749 997 1799 post
1028 1746 1193 1786 biduum
1223 1747 1523 1797 celebrandum,

356 1813 439 1853 Sub
471 1814 601 1854 noctis
633 1814 766 1854 claras
797 1815 978 1854 tenebris
1009 1815 1156 1854 ardere
1189 1816 1377 1855 lucernas

355 1882 404 1920 In
436 1883 542 1921 silva
571 1883 720 1922 multas
750 1883 826 1935 ipsi
856 1884 999 1922 videre
1031 1884 1198 1923 subulci.

358 1949 435 1989 His
465 1951 578 1999 visis,
611 1951 745 1990 cuncti
775 1951 1026 1991 mirabantur
1055 1951 1287 2004 stupefacti,

358 2018 467 2064 Quid
498 2031 605 2059 nova
635 2019 888 2072 splendentis
918 2020 1047 2059 vellet
1076 2020 1151 2059 sibi
1181 2020 1281 2060 visio
1310 2019 1426 2067 lueis,

245 2085 467 2128 20511110
497 2092 719 2128 nocturnas
750 2087 940 2127 scindens
972 2088 1190 2142 splendore
1221 2090 1436 2138 tenebras3

358 2155 531 2209 Hocque
562 2155 703 2196 domus
733 2156 840 2209 patri
871 2159 1146 2197 narraverunt
1175 2158 1414 2206 tremefacti,

359 2225 686 2266 Demonstrando
718 2226 860 2273 locum,
893 2239 1012 2278 quem
1043 2226 1115 2265 lux
1145 2226 1386 2278 perfuderat
1414 2225 1557 2279 ipsum.

354 2293 434 2339 Qui
464 2294 555 2333 visu
587 2295 696 2333 clare
728 2294 895 2347 cupiens
927 2294 1065 2333 audita
1096 2295 1283 2346 probare,

352 2361 487 2401 Extra
517 2366 627 2402 tecta
659 2363 800 2402 domus
832 2362 912 2401 illis
944 2363 1131 2401 habitans
1163 2363 1352 2410 sociatus,

246 2428 341 2470 210.
363 2429 595 2469 Insomnem
626 2431 758 2483 coepit
788 2434 948 2470 noctem
981 2443 1150 2469 servare
1181 2434 1432 2483 sequentem,

278 2611 336 2637 181.
360 2611 522 2642 numine,
547 2609 601 2643 Ap.
652 2610 708 2637 15³3.
730 2617 909 2642 accensu,
934 2610 1002 2635 Lck.
1052 2610 1108 2636 191.
1129 2617 1234 2645 vera,
1258 2609 1340 2645 Lek„
1359 2610 1413 2639 Lb.
1431 2618 1461 2638 u.
1482 2609 1516 2638 15.
1558 2611 1613 2637 192.

363 2654 473 2681 silvula
494 2658 646 2688 cuncta,
666 2655 719 2689 Ap.
742 2664 768 2682 u.
794 2655 863 2684 Lck.
900 2657 962 2682 208.
983 2654 1110 2690 claro,
1131 2656 1182 2684 Lb,
