<?xml version="1.0" encoding="UTF-8"?>
<!DOCTYPE html PUBLIC "-//W3C//DTD XHTML 1.0 Transitional//EN"
    "http://www.w3.org/TR/xhtml1/DTD/xhtml1-transitional.dtd">
<html xmlns="http://www.w3.org/1999/xhtml" xml:lang="en" lang="en">
 <head>
  <title>
</title>
<meta http-equiv="Content-Type" content="text/html;charset=utf-8" />
  <meta name='ocr-system' content='tesseract 3.04.00' />
  <meta name='ocr-capabilities' content='ocr_page ocr_carea ocr_par ocr_line ocrx_word'/>
</head>
<body>
  <div class='ocr_page' id='page_1' title='image "./diewerke00hrotuoft_0159.png"; bbox 0 0 1702 2939; ppageno 0'>
   <div class='ocr_carea' id='block_1_1' title="bbox 599 264 885 312">
    <p class='ocr_par' dir='ltr' id='par_1_1' title="bbox 599 264 885 312">
     <span class='ocr_line' id='line_1_1' title="bbox 599 264 885 312; baseline 0.007 -12"><span class='ocrx_word' id='word_1_1' title='bbox 599 264 885 312; x_wconf 77' lang='lat'>-81-</span> 
     </span>
    </p>
   </div>
   <div class='ocr_carea' id='block_1_2' title="bbox 77 384 1382 2570">
    <p class='ocr_par' dir='ltr' id='par_1_2' title="bbox 77 384 1312 577">
     <span class='ocr_line' id='line_1_2' title="bbox 77 384 1312 439; baseline 0 -13"><span class='ocrx_word' id='word_1_2' title='bbox 77 384 144 426; x_wconf 77' lang='lat'>25.</span> <span class='ocrx_word' id='word_1_3' title='bbox 168 385 482 439; x_wconf 90' lang='lat' dir='ltr'>Hospitiumque</span> <span class='ocrx_word' id='word_1_4' title='bbox 512 386 631 437; x_wconf 67' lang='lat' dir='ltr'>vagis</span> <span class='ocrx_word' id='word_1_5' title='bbox 662 399 881 438; x_wconf 86' lang='lat' dir='ltr'>numquam</span> <span class='ocrx_word' id='word_1_6' title='bbox 912 387 1129 427; x_wconf 83' lang='lat' dir='ltr'>claudebat</span> <span class='ocrx_word' id='word_1_7' title='bbox 1158 386 1312 439; x_wconf 74' lang='lat' dir='ltr'>egenis.</span> 
     </span>
     <span class='ocr_line' id='line_1_3' title="bbox 165 455 1142 508; baseline 0 -14"><span class='ocrx_word' id='word_1_8' title='bbox 165 455 273 494; x_wconf 83' lang='lat' dir='ltr'>Hinc</span> <span class='ocrx_word' id='word_1_9' title='bbox 303 455 428 506; x_wconf 77' lang='lat' dir='ltr'>igitur</span> <span class='ocrx_word' id='word_1_10' title='bbox 460 467 627 494; x_wconf 88' lang='lat' dir='ltr'>consors</span> <span class='ocrx_word' id='word_1_11' title='bbox 658 456 786 494; x_wconf 90' lang='lat' dir='ltr'>omnis</span> <span class='ocrx_word' id='word_1_12' title='bbox 818 456 980 495; x_wconf 88' lang='lat' dir='ltr'>devotio</span> <span class='ocrx_word' id='word_1_13' title='bbox 1011 457 1142 508; x_wconf 85' lang='lat' dir='ltr'>plebis</span> 
     </span>
     <span class='ocr_line' id='line_1_4' title="bbox 167 523 1080 577; baseline 0.001 -15"><span class='ocrx_word' id='word_1_14' title='bbox 167 523 328 563; x_wconf 81' lang='lat' dir='ltr'>Affectu</span> <span class='ocrx_word' id='word_1_15' title='bbox 360 527 501 562; x_wconf 87' lang='lat' dir='ltr'>tenero</span> <span class='ocrx_word' id='word_1_16' title='bbox 535 525 666 563; x_wconf 87' lang='lat' dir='ltr'>cordis</span> <span class='ocrx_word' id='word_1_17' title='bbox 697 526 904 577; x_wconf 76' lang='lat' dir='ltr'>pendebat</span> <span class='ocrx_word' id='word_1_18' title='bbox 931 525 972 564; x_wconf 86' lang='lat' dir='ltr'>in</span> <span class='ocrx_word' id='word_1_19' title='bbox 1000 526 1080 573; x_wconf 87' lang='lat' dir='ltr'>illo,</span> 
     </span>
    </p>

    <p class='ocr_par' dir='ltr' id='par_1_3' title="bbox 162 592 1338 715">
     <span class='ocr_line' id='line_1_5' title="bbox 162 592 1338 646; baseline 0.003 -16"><span class='ocrx_word' id='word_1_20' title='bbox 162 592 304 645; x_wconf 86' lang='lat' dir='ltr'>Ipsum</span> <span class='ocrx_word' id='word_1_21' title='bbox 335 605 409 630; x_wconf 88' lang='lat' dir='ltr'>ceu</span> <span class='ocrx_word' id='word_1_22' title='bbox 441 592 601 631; x_wconf 82' lang='lat' dir='ltr'>dulcem</span> <span class='ocrx_word' id='word_1_23' title='bbox 630 599 884 633; x_wconf 67' lang='lat' dir='ltr'>venerantur</span> <span class='ocrx_word' id='word_1_24' title='bbox 913 594 1084 632; x_wconf 85' lang='lat' dir='ltr'>amando</span> <span class='ocrx_word' id='word_1_25' title='bbox 1113 597 1338 646; x_wconf 85' lang='lat' dir='ltr'>parentem.</span> 
     </span>
     <span class='ocr_line' id='line_1_6' title="bbox 218 661 1219 715; baseline 0.003 -16"><span class='ocrx_word' id='word_1_26' title='bbox 218 661 385 699; x_wconf 87' lang='lat' dir='ltr'>Interea</span> <span class='ocrx_word' id='word_1_27' title='bbox 415 661 478 699; x_wconf 66' lang='lat' dir='ltr'>vir</span> <span class='ocrx_word' id='word_1_28' title='bbox 510 675 756 701; x_wconf 84' lang='lat' dir='ltr'>summorum</span> <span class='ocrx_word' id='word_1_29' title='bbox 787 663 953 715; x_wconf 85' lang='lat' dir='ltr'>praesul</span> <span class='ocrx_word' id='word_1_30' title='bbox 982 663 1219 702; x_wconf 88' lang='lat' dir='ltr'>meritorum</span> 
     </span>
    </p>

    <p class='ocr_par' dir='ltr' id='par_1_4' title="bbox 83 728 1254 990">
     <span class='ocr_line' id='line_1_7' title="bbox 83 728 1244 782; baseline 0.003 -14"><span class='ocrx_word' id='word_1_31' title='bbox 83 728 148 769; x_wconf 86' lang='lat'>30.</span> <span class='ocrx_word' id='word_1_32' title='bbox 172 728 351 768; x_wconf 80' lang='lat' dir='ltr'>Coelitus</span> <span class='ocrx_word' id='word_1_33' title='bbox 383 732 597 782; x_wconf 83' lang='lat' dir='ltr'>acceptum</span> <span class='ocrx_word' id='word_1_34' title='bbox 629 731 781 770; x_wconf 81' lang='lat' dir='ltr'>direxit</span> <span class='ocrx_word' id='word_1_35' title='bbox 811 732 862 770; x_wconf 85' lang='lat' dir='ltr'>ad</span> <span class='ocrx_word' id='word_1_36' title='bbox 895 732 1063 770; x_wconf 84' lang='lat' dir='ltr'>aethera</span> <span class='ocrx_word' id='word_1_37' title='bbox 1093 732 1244 772; x_wconf 88' lang='lat' dir='ltr'>flatum.</span> 
     </span>
     <span class='ocr_line' id='line_1_8' title="bbox 181 798 1245 852; baseline 0.003 -15"><span class='ocrx_word' id='word_1_38' title='bbox 181 798 272 844; x_wconf 80' lang='lat' dir='ltr'>Quo</span> <span class='ocrx_word' id='word_1_39' title='bbox 303 811 396 837; x_wconf 85' lang='lat' dir='ltr'>nam</span> <span class='ocrx_word' id='word_1_40' title='bbox 428 800 632 847; x_wconf 80' lang='lat' dir='ltr'>defuncto,</span> <span class='ocrx_word' id='word_1_41' title='bbox 665 801 820 851; x_wconf 79' lang='lat' dir='ltr'>gremio</span> <span class='ocrx_word' id='word_1_42' title='bbox 851 803 1069 852; x_wconf 81' lang='lat' dir='ltr'>terraeque</span> <span class='ocrx_word' id='word_1_43' title='bbox 1101 801 1245 848; x_wconf 82' lang='lat' dir='ltr'>locato,</span> 
     </span>
     <span class='ocr_line' id='line_1_9' title="bbox 173 866 1254 920; baseline 0 -14"><span class='ocrx_word' id='word_1_44' title='bbox 173 866 407 907; x_wconf 80' lang='lat' dir='ltr'>Consensus</span> <span class='ocrx_word' id='word_1_45' title='bbox 437 869 568 920; x_wconf 87' lang='lat' dir='ltr'>plebis</span> <span class='ocrx_word' id='word_1_46' title='bbox 599 870 799 907; x_wconf 80' lang='lat' dir='ltr'>clamabat</span> <span class='ocrx_word' id='word_1_47' title='bbox 830 869 1085 908; x_wconf 85' lang='lat' dir='ltr'>concorditer</span> <span class='ocrx_word' id='word_1_48' title='bbox 1115 869 1254 917; x_wconf 82' lang='lat' dir='ltr'>omnis,</span> 
     </span>
     <span class='ocr_line' id='line_1_10' title="bbox 168 935 1140 990; baseline 0.002 -16"><span class='ocrx_word' id='word_1_49' title='bbox 168 935 442 989; x_wconf 85' lang='lat' dir='ltr'>Respondens</span> <span class='ocrx_word' id='word_1_50' title='bbox 474 937 573 976; x_wconf 86' lang='lat' dir='ltr'>cleri</span> <span class='ocrx_word' id='word_1_51' title='bbox 603 938 720 985; x_wconf 82' lang='lat' dir='ltr'>votis,</span> <span class='ocrx_word' id='word_1_52' title='bbox 753 939 897 976; x_wconf 87' lang='lat' dir='ltr'>eadem</span> <span class='ocrx_word' id='word_1_53' title='bbox 928 938 1140 990; x_wconf 84' lang='lat' dir='ltr'>cupientis,</span> 
     </span>
    </p>

    <p class='ocr_par' dir='ltr' id='par_1_5' title="bbox 174 1004 1358 1059">
     <span class='ocr_line' id='line_1_11' title="bbox 174 1004 1358 1059; baseline 0.001 -16"><span class='ocrx_word' id='word_1_54' title='bbox 174 1004 297 1044; x_wconf 86' lang='lat' dir='ltr'>Hunc</span> <span class='ocrx_word' id='word_1_55' title='bbox 329 1006 416 1044; x_wconf 87' lang='lat' dir='ltr'>fore</span> <span class='ocrx_word' id='word_1_56' title='bbox 446 1007 677 1059; x_wconf 72' lang='lat' dir='ltr'>praecipuis</span> <span class='ocrx_word' id='word_1_57' title='bbox 707 1010 846 1059; x_wconf 82' lang='lat' dir='ltr'>aptum</span> <span class='ocrx_word' id='word_1_58' title='bbox 877 1007 1031 1046; x_wconf 85' lang='lat' dir='ltr'>meritis</span> <span class='ocrx_word' id='word_1_59' title='bbox 1062 1006 1358 1054; x_wconf 82' lang='lat' dir='ltr'>vicedomnum,</span> 
     </span>
    </p>

    <p class='ocr_par' dir='ltr' id='par_1_6' title="bbox 84 1071 1064 1128">
     <span class='ocr_line' id='line_1_12' title="bbox 84 1071 1064 1128; baseline 0.002 -16"><span class='ocrx_word' id='word_1_60' title='bbox 84 1071 149 1113; x_wconf 78' lang='lat'>35.</span> <span class='ocrx_word' id='word_1_61' title='bbox 171 1073 227 1114; x_wconf 77' lang='lat' dir='ltr'>Ut</span> <span class='ocrx_word' id='word_1_62' title='bbox 259 1075 418 1113; x_wconf 83' lang='lat' dir='ltr'>culmen</span> <span class='ocrx_word' id='word_1_63' title='bbox 450 1075 559 1114; x_wconf 88' lang='lat' dir='ltr'>sedis</span> <span class='ocrx_word' id='word_1_64' title='bbox 591 1079 777 1127; x_wconf 81' lang='lat' dir='ltr'>captaret</span> <span class='ocrx_word' id='word_1_65' title='bbox 807 1076 1064 1128; x_wconf 85' lang='lat' dir='ltr'>pontificalis,</span> 
     </span>
    </p>

    <p class='ocr_par' dir='ltr' id='par_1_7' title="bbox 166 1142 1186 1403">
     <span class='ocr_line' id='line_1_13' title="bbox 173 1142 1159 1196; baseline 0.001 -15"><span class='ocrx_word' id='word_1_66' title='bbox 173 1142 326 1181; x_wconf 85' lang='lat' dir='ltr'>Summi</span> <span class='ocrx_word' id='word_1_67' title='bbox 355 1144 556 1195; x_wconf 85' lang='lat' dir='ltr'>pontificis</span> <span class='ocrx_word' id='word_1_68' title='bbox 587 1157 807 1196; x_wconf 82' lang='lat' dir='ltr'>curamque</span> <span class='ocrx_word' id='word_1_69' title='bbox 838 1148 1001 1184; x_wconf 86' lang='lat' dir='ltr'>teneret</span> <span class='ocrx_word' id='word_1_70' title='bbox 1031 1145 1159 1183; x_wconf 73' lang='lat' dir='ltr'>ovilis.</span> 
     </span>
     <span class='ocr_line' id='line_1_14' title="bbox 175 1210 1186 1265; baseline 0.001 -15"><span class='ocrx_word' id='word_1_71' title='bbox 175 1210 264 1250; x_wconf 82' lang='lat' dir='ltr'>Hoc</span> <span class='ocrx_word' id='word_1_72' title='bbox 298 1225 458 1264; x_wconf 85' lang='lat' dir='ltr'>quoque</span> <span class='ocrx_word' id='word_1_73' title='bbox 489 1214 741 1265; x_wconf 85' lang='lat' dir='ltr'>persuadere</span> <span class='ocrx_word' id='word_1_74' title='bbox 774 1228 845 1252; x_wconf 89' lang='lat' dir='ltr'>suo</span> <span class='ocrx_word' id='word_1_75' title='bbox 876 1213 1186 1265; x_wconf 84' lang='lat' dir='ltr'>metropolitano</span> 
     </span>
     <span class='ocr_line' id='line_1_15' title="bbox 166 1279 1110 1333; baseline 0.002 -15"><span class='ocrx_word' id='word_1_76' title='bbox 166 1279 352 1319; x_wconf 77' lang='lat' dir='ltr'>Pontifici</span> <span class='ocrx_word' id='word_1_77' title='bbox 383 1282 545 1333; x_wconf 86' lang='lat' dir='ltr'>scriptis</span> <span class='ocrx_word' id='word_1_78' title='bbox 577 1283 825 1322; x_wconf 77' lang='lat' dir='ltr'>festinabant</span> <span class='ocrx_word' id='word_1_79' title='bbox 856 1283 932 1321; x_wconf 82' lang='lat' dir='ltr'>cito</span> <span class='ocrx_word' id='word_1_80' title='bbox 963 1283 1110 1330; x_wconf 86' lang='lat' dir='ltr'>missis,</span> 
     </span>
     <span class='ocr_line' id='line_1_16' title="bbox 176 1347 1014 1403; baseline 0.004 -16"><span class='ocrx_word' id='word_1_81' title='bbox 176 1347 302 1400; x_wconf 70' lang='lat' dir='ltr'>Cujus</span> <span class='ocrx_word' id='word_1_82' title='bbox 330 1350 481 1402; x_wconf 79' lang='lat' dir='ltr'>judicio</span> <span class='ocrx_word' id='word_1_83' title='bbox 513 1350 638 1389; x_wconf 86' lang='lat' dir='ltr'>statui</span> <span class='ocrx_word' id='word_1_84' title='bbox 668 1356 808 1403; x_wconf 85' lang='lat' dir='ltr'>pastor</span> <span class='ocrx_word' id='word_1_85' title='bbox 839 1351 1014 1403; x_wconf 80' lang='lat' dir='ltr'>sapienti</span> 
     </span>
    </p>

    <p class='ocr_par' dir='ltr' id='par_1_8' title="bbox 85 1415 1118 1472">
     <span class='ocr_line' id='line_1_17' title="bbox 85 1415 1118 1472; baseline 0.004 -17"><span class='ocrx_word' id='word_1_86' title='bbox 85 1415 151 1456; x_wconf 70' lang='lat'>40.</span> <span class='ocrx_word' id='word_1_87' title='bbox 173 1417 329 1457; x_wconf 92' lang='lat' dir='ltr'>Debuit</span> <span class='ocrx_word' id='word_1_88' title='bbox 361 1419 558 1457; x_wconf 82' lang='lat' dir='ltr'>ecclesiae</span> <span class='ocrx_word' id='word_1_89' title='bbox 589 1420 660 1458; x_wconf 82' lang='lat' dir='ltr'>tali</span> <span class='ocrx_word' id='word_1_90' title='bbox 691 1420 922 1472; x_wconf 82' lang='lat' dir='ltr'>condignus</span> <span class='ocrx_word' id='word_1_91' title='bbox 954 1420 1118 1459; x_wconf 87' lang='lat' dir='ltr'>honore.</span> 
     </span>
    </p>

    <p class='ocr_par' dir='ltr' id='par_1_9' title="bbox 173 1486 1279 1745">
     <span class='ocr_line' id='line_1_18' title="bbox 224 1486 1279 1540; baseline 0.002 -15"><span class='ocrx_word' id='word_1_92' title='bbox 224 1486 304 1531; x_wconf 85' lang='lat' dir='ltr'>Qui</span> <span class='ocrx_word' id='word_1_93' title='bbox 333 1487 514 1526; x_wconf 85' lang='lat' dir='ltr'>bonitate</span> <span class='ocrx_word' id='word_1_94' title='bbox 545 1489 623 1526; x_wconf 77' lang='lat' dir='ltr'>viri</span> <span class='ocrx_word' id='word_1_95' title='bbox 654 1497 863 1540; x_wconf 86' lang='lat' dir='ltr'>comperta</span> <span class='ocrx_word' id='word_1_96' title='bbox 893 1501 1068 1540; x_wconf 87' lang='lat' dir='ltr'>namque</span> <span class='ocrx_word' id='word_1_97' title='bbox 1099 1488 1279 1540; x_wconf 87' lang='lat' dir='ltr'>benigni,</span> 
     </span>
     <span class='ocr_line' id='line_1_19' title="bbox 178 1553 1197 1610; baseline 0.003 -17"><span class='ocrx_word' id='word_1_98' title='bbox 178 1553 230 1593; x_wconf 86' lang='lat' dir='ltr'>Se</span> <span class='ocrx_word' id='word_1_99' title='bbox 264 1556 561 1607; x_wconf 87' lang='lat' dir='ltr'>completurum</span> <span class='ocrx_word' id='word_1_100' title='bbox 591 1558 776 1609; x_wconf 82' lang='lat' dir='ltr'>promisit</span> <span class='ocrx_word' id='word_1_101' title='bbox 804 1558 914 1596; x_wconf 79' lang='lat' dir='ltr'>velle</span> <span class='ocrx_word' id='word_1_102' title='bbox 944 1560 1197 1610; x_wconf 85' lang='lat' dir='ltr'>precantum,</span> 
     </span>
     <span class='ocr_line' id='line_1_20' title="bbox 173 1621 1136 1678; baseline 0.003 -17"><span class='ocrx_word' id='word_1_103' title='bbox 173 1621 228 1662; x_wconf 87' lang='lat' dir='ltr'>Et</span> <span class='ocrx_word' id='word_1_104' title='bbox 257 1625 422 1662; x_wconf 72' lang='lat' dir='ltr'>venisse</span> <span class='ocrx_word' id='word_1_105' title='bbox 450 1625 583 1663; x_wconf 75' lang='lat' dir='ltr'>virum</span> <span class='ocrx_word' id='word_1_106' title='bbox 610 1626 736 1677; x_wconf 84' lang='lat' dir='ltr'>jussit</span> <span class='ocrx_word' id='word_1_107' title='bbox 765 1626 964 1664; x_wconf 87' lang='lat' dir='ltr'>maturius</span> <span class='ocrx_word' id='word_1_108' title='bbox 992 1626 1136 1678; x_wconf 87' lang='lat' dir='ltr'>ipsum,</span> 
     </span>
     <span class='ocr_line' id='line_1_21' title="bbox 176 1692 1132 1745; baseline 0.002 -15"><span class='ocrx_word' id='word_1_109' title='bbox 176 1692 339 1731; x_wconf 85' lang='lat' dir='ltr'>Affectu</span> <span class='ocrx_word' id='word_1_110' title='bbox 370 1694 509 1745; x_wconf 88' lang='lat' dir='ltr'>populi</span> <span class='ocrx_word' id='word_1_111' title='bbox 539 1697 652 1733; x_wconf 88' lang='lat' dir='ltr'>tanto</span> <span class='ocrx_word' id='word_1_112' title='bbox 685 1707 805 1745; x_wconf 89' lang='lat' dir='ltr'>quem</span> <span class='ocrx_word' id='word_1_113' title='bbox 835 1695 964 1733; x_wconf 87' lang='lat' dir='ltr'>sensit</span> <span class='ocrx_word' id='word_1_114' title='bbox 994 1694 1132 1733; x_wconf 85' lang='lat' dir='ltr'>amari.</span> 
     </span>
    </p>

    <p class='ocr_par' dir='ltr' id='par_1_10' title="bbox 86 1759 1249 1951">
     <span class='ocr_line' id='line_1_22' title="bbox 86 1759 1249 1811; baseline 0.003 -12"><span class='ocrx_word' id='word_1_115' title='bbox 86 1759 152 1800; x_wconf 80' lang='lat'>45.</span> <span class='ocrx_word' id='word_1_116' title='bbox 172 1761 250 1799; x_wconf 82' lang='lat' dir='ltr'>Ille</span> <span class='ocrx_word' id='word_1_117' title='bbox 281 1762 355 1800; x_wconf 91' lang='lat' dir='ltr'>sed</span> <span class='ocrx_word' id='word_1_118' title='bbox 386 1775 587 1801; x_wconf 81' lang='lat' dir='ltr'>execrans</span> <span class='ocrx_word' id='word_1_119' title='bbox 618 1763 743 1801; x_wconf 86' lang='lat' dir='ltr'>talem</span> <span class='ocrx_word' id='word_1_120' title='bbox 775 1765 1011 1801; x_wconf 77' lang='lat' dir='ltr'>constanter</span> <span class='ocrx_word' id='word_1_121' title='bbox 1042 1763 1249 1811; x_wconf 89' lang='lat' dir='ltr'>honorem,</span> 
     </span>
     <span class='ocr_line' id='line_1_23' title="bbox 177 1829 1169 1884; baseline 0.002 -16"><span class='ocrx_word' id='word_1_122' title='bbox 177 1829 386 1869; x_wconf 86' lang='lat' dir='ltr'>Praesulis</span> <span class='ocrx_word' id='word_1_123' title='bbox 417 1831 586 1883; x_wconf 89' lang='lat' dir='ltr'>imperio</span> <span class='ocrx_word' id='word_1_124' title='bbox 617 1844 765 1884; x_wconf 87' lang='lat' dir='ltr'>parere</span> <span class='ocrx_word' id='word_1_125' title='bbox 795 1834 923 1882; x_wconf 84' lang='lat' dir='ltr'>negat</span> <span class='ocrx_word' id='word_1_126' title='bbox 952 1831 1169 1880; x_wconf 73' lang='lat' dir='ltr'>veniendo,</span> 
     </span>
     <span class='ocr_line' id='line_1_24' title="bbox 173 1898 1169 1951; baseline 0.003 -15"><span class='ocrx_word' id='word_1_127' title='bbox 173 1898 315 1937; x_wconf 83' lang='lat' dir='ltr'>Donec</span> <span class='ocrx_word' id='word_1_128' title='bbox 344 1899 496 1938; x_wconf 79' lang='lat' dir='ltr'>invitus</span> <span class='ocrx_word' id='word_1_129' title='bbox 527 1901 715 1948; x_wconf 81' lang='lat' dir='ltr'>trahitur,</span> <span class='ocrx_word' id='word_1_130' title='bbox 745 1900 875 1938; x_wconf 89' lang='lat' dir='ltr'>turbis</span> <span class='ocrx_word' id='word_1_131' title='bbox 907 1901 1169 1951; x_wconf 86' lang='lat' dir='ltr'>glomeratur.</span> 
     </span>
    </p>

    <p class='ocr_par' dir='ltr' id='par_1_11' title="bbox 174 1965 1382 2090">
     <span class='ocr_line' id='line_1_25' title="bbox 174 1965 1145 2021; baseline 0.002 -16"><span class='ocrx_word' id='word_1_132' title='bbox 174 1965 239 2013; x_wconf 78' lang='lat' dir='ltr'>Et,</span> <span class='ocrx_word' id='word_1_133' title='bbox 273 1980 363 2006; x_wconf 84' lang='lat' dir='ltr'>cum</span> <span class='ocrx_word' id='word_1_134' title='bbox 393 1969 594 2020; x_wconf 84' lang='lat' dir='ltr'>pontificis</span> <span class='ocrx_word' id='word_1_135' title='bbox 624 1974 962 2021; x_wconf 82' lang='lat' dir='ltr'>praesentaretur</span> <span class='ocrx_word' id='word_1_136' title='bbox 993 1969 1145 2018; x_wconf 85' lang='lat' dir='ltr'>ocellis,</span> 
     </span>
     <span class='ocr_line' id='line_1_26' title="bbox 177 2034 1382 2090; baseline 0.002 -16"><span class='ocrx_word' id='word_1_137' title='bbox 177 2034 340 2074; x_wconf 79' lang='lat' dir='ltr'>Stratus</span> <span class='ocrx_word' id='word_1_138' title='bbox 372 2037 556 2088; x_wconf 85' lang='lat' dir='ltr'>adusque</span> <span class='ocrx_word' id='word_1_139' title='bbox 589 2038 730 2084; x_wconf 83' lang='lat' dir='ltr'>solum,</span> <span class='ocrx_word' id='word_1_140' title='bbox 762 2051 886 2076; x_wconf 84' lang='lat' dir='ltr'>voces</span> <span class='ocrx_word' id='word_1_141' title='bbox 918 2039 1142 2090; x_wconf 82' lang='lat' dir='ltr'>spargebat</span> <span class='ocrx_word' id='word_1_142' title='bbox 1171 2037 1212 2075; x_wconf 87' lang='lat' dir='ltr'>in</span> <span class='ocrx_word' id='word_1_143' title='bbox 1244 2037 1382 2085; x_wconf 89' lang='lat' dir='ltr'>altum,</span> 
     </span>
    </p>

    <p class='ocr_par' dir='ltr' id='par_1_12' title="bbox 91 2101 1140 2154">
     <span class='ocr_line' id='line_1_27' title="bbox 91 2101 1140 2154; baseline 0.002 -12"><span class='ocrx_word' id='word_1_144' title='bbox 91 2101 156 2142; x_wconf 80' lang='lat'>50.</span> <span class='ocrx_word' id='word_1_145' title='bbox 181 2103 384 2143; x_wconf 83' lang='lat' dir='ltr'>Infectum</span> <span class='ocrx_word' id='word_1_146' title='bbox 415 2105 526 2144; x_wconf 79' lang='lat' dir='ltr'>vitiis</span> <span class='ocrx_word' id='word_1_147' title='bbox 554 2119 658 2154; x_wconf 81' lang='lat' dir='ltr'>sese,</span> <span class='ocrx_word' id='word_1_148' title='bbox 689 2106 840 2154; x_wconf 76' lang='lat' dir='ltr'>dicens,</span> <span class='ocrx_word' id='word_1_149' title='bbox 872 2107 960 2145; x_wconf 89' lang='lat' dir='ltr'>fore</span> <span class='ocrx_word' id='word_1_150' title='bbox 990 2107 1140 2154; x_wconf 87' lang='lat' dir='ltr'>multis,</span> 
     </span>
    </p>

    <p class='ocr_par' dir='ltr' id='par_1_13' title="bbox 182 2171 1216 2227">
     <span class='ocr_line' id='line_1_28' title="bbox 182 2171 1216 2227; baseline 0.003 -17"><span class='ocrx_word' id='word_1_151' title='bbox 182 2171 274 2211; x_wconf 72' lang='lat' dir='ltr'>Non</span> <span class='ocrx_word' id='word_1_152' title='bbox 305 2179 445 2225; x_wconf 85' lang='lat' dir='ltr'>aptum</span> <span class='ocrx_word' id='word_1_153' title='bbox 475 2177 617 2213; x_wconf 85' lang='lat' dir='ltr'>sancto</span> <span class='ocrx_word' id='word_1_154' title='bbox 650 2173 801 2214; x_wconf 86' lang='lat' dir='ltr'>Christi</span> <span class='ocrx_word' id='word_1_155' title='bbox 829 2175 979 2227; x_wconf 84' lang='lat' dir='ltr'>populo</span> <span class='ocrx_word' id='word_1_156' title='bbox 1009 2174 1216 2214; x_wconf 86' lang='lat' dir='ltr'>dominari.</span> 
     </span>
    </p>

    <p class='ocr_par' dir='ltr' id='par_1_14' title="bbox 183 2241 1222 2432">
     <span class='ocr_line' id='line_1_29' title="bbox 239 2241 1222 2296; baseline 0.002 -16"><span class='ocrx_word' id='word_1_157' title='bbox 239 2241 316 2280; x_wconf 83' lang='lat' dir='ltr'>His</span> <span class='ocrx_word' id='word_1_158' title='bbox 348 2242 475 2293; x_wconf 83' lang='lat' dir='ltr'>igitur</span> <span class='ocrx_word' id='word_1_159' title='bbox 509 2243 689 2294; x_wconf 83' lang='lat' dir='ltr'>querulis</span> <span class='ocrx_word' id='word_1_160' title='bbox 721 2244 869 2282; x_wconf 87' lang='lat' dir='ltr'>iterata</span> <span class='ocrx_word' id='word_1_161' title='bbox 898 2256 1002 2282; x_wconf 84' lang='lat' dir='ltr'>voce</span> <span class='ocrx_word' id='word_1_162' title='bbox 1031 2243 1222 2296; x_wconf 88' lang='lat' dir='ltr'>profusis,</span> 
     </span>
     <span class='ocr_line' id='line_1_30' title="bbox 183 2309 1184 2364; baseline 0.003 -16"><span class='ocrx_word' id='word_1_163' title='bbox 183 2309 370 2349; x_wconf 82' lang='lat' dir='ltr'>Antistes</span> <span class='ocrx_word' id='word_1_164' title='bbox 402 2325 582 2349; x_wconf 85' lang='lat' dir='ltr'>summus</span> <span class='ocrx_word' id='word_1_165' title='bbox 616 2312 740 2350; x_wconf 80' lang='lat' dir='ltr'>cessit</span> <span class='ocrx_word' id='word_1_166' title='bbox 770 2317 975 2364; x_wconf 85' lang='lat' dir='ltr'>postremo</span> <span class='ocrx_word' id='word_1_167' title='bbox 1007 2315 1184 2360; x_wconf 80' lang='lat' dir='ltr'>coactus,</span> 
     </span>
     <span class='ocr_line' id='line_1_31' title="bbox 186 2377 1221 2432; baseline 0.003 -15"><span class='ocrx_word' id='word_1_168' title='bbox 186 2377 403 2430; x_wconf 86' lang='lat' dir='ltr'>Huncque,</span> <span class='ocrx_word' id='word_1_169' title='bbox 436 2380 561 2418; x_wconf 81' lang='lat' dir='ltr'>decus</span> <span class='ocrx_word' id='word_1_170' title='bbox 593 2381 687 2419; x_wconf 85' lang='lat' dir='ltr'>talis</span> <span class='ocrx_word' id='word_1_171' title='bbox 718 2381 785 2432; x_wconf 90' lang='lat' dir='ltr'>qui</span> <span class='ocrx_word' id='word_1_172' title='bbox 817 2381 1017 2420; x_wconf 74' lang='lat' dir='ltr'>fastidivit</span> <span class='ocrx_word' id='word_1_173' title='bbox 1045 2381 1221 2430; x_wconf 85' lang='lat' dir='ltr'>honoris,</span> 
     </span>
    </p>

    <p class='ocr_par' dir='ltr' id='par_1_15' title="bbox 95 2443 1222 2570">
     <span class='ocr_line' id='line_1_32' title="bbox 95 2443 1154 2498; baseline 0.004 -14"><span class='ocrx_word' id='word_1_174' title='bbox 95 2443 160 2485; x_wconf 76' lang='grc' dir='ltr'>ὃὸ.</span> <span class='ocrx_word' id='word_1_175' title='bbox 186 2445 404 2498; x_wconf 84' lang='lat' dir='ltr'>Injunctae</span> <span class='ocrx_word' id='word_1_176' title='bbox 434 2461 609 2487; x_wconf 78' lang='lat' dir='ltr'>vacuum</span> <span class='ocrx_word' id='word_1_177' title='bbox 641 2462 765 2488; x_wconf 81' lang='lat' dir='ltr'>curae</span> <span class='ocrx_word' id='word_1_178' title='bbox 797 2451 1000 2488; x_wconf 82' lang='lat' dir='ltr'>concessit</span> <span class='ocrx_word' id='word_1_179' title='bbox 1029 2450 1154 2498; x_wconf 87' lang='lat' dir='ltr'>abire,</span> 
     </span>
     <span class='ocr_line' id='line_1_33' title="bbox 187 2512 1222 2570; baseline 0.005 -17"><span class='ocrx_word' id='word_1_180' title='bbox 187 2512 450 2555; x_wconf 87' lang='lat' dir='ltr'>Constituens</span> <span class='ocrx_word' id='word_1_181' title='bbox 481 2517 614 2566; x_wconf 82' lang='lat' dir='ltr'>alium,</span> <span class='ocrx_word' id='word_1_182' title='bbox 646 2518 818 2557; x_wconf 88' lang='lat' dir='ltr'>rectoris</span> <span class='ocrx_word' id='word_1_183' title='bbox 849 2518 1012 2558; x_wconf 87' lang='lat' dir='ltr'>nomine</span> <span class='ocrx_word' id='word_1_184' title='bbox 1043 2518 1222 2570; x_wconf 84' lang='lat' dir='ltr'>dig-num.</span> 
     </span>
    </p>
   </div>
   <div class='ocr_carea' id='block_1_3' title="bbox 73 2603 310 2611">
    <p class='ocr_par' dir='ltr' id='par_1_16' title="bbox 73 2603 310 2611">
     <span class='ocr_line' id='line_1_34' title="bbox 73 2603 310 2611; baseline 0 328"><span class='ocrx_word' id='word_1_185' title='bbox 73 2603 310 2611; x_wconf 95' lang='lat' dir='ltr'> </span> 
     </span>
    </p>
   </div>
   <div class='ocr_carea' id='block_1_4' title="bbox 104 2646 1438 2686">
    <p class='ocr_par' dir='ltr' id='par_1_17' title="bbox 104 2646 1438 2686">
     <span class='ocr_line' id='line_1_35' title="bbox 104 2646 1438 2686; baseline 0.002 -12"><span class='ocrx_word' id='word_1_186' title='bbox 104 2646 149 2674; x_wconf 75' lang='lat'>28.</span> <span class='ocrx_word' id='word_1_187' title='bbox 174 2655 186 2672; x_wconf 68' lang='grc' dir='ltr'>ιι</span> <span class='ocrx_word' id='word_1_188' title='bbox 204 2655 259 2681; x_wconf 71' lang='lat' dir='ltr'>eu.</span> <span class='ocrx_word' id='word_1_189' title='bbox 282 2646 312 2675; x_wconf 75' lang='lat' dir='ltr'>C.</span> <span class='ocrx_word' id='word_1_190' title='bbox 334 2657 362 2675; x_wconf 86' lang='lat' dir='ltr'>u.</span> <span class='ocrx_word' id='word_1_191' title='bbox 387 2646 415 2677; x_wconf 91' lang='lat' dir='ltr'>S.</span> <span class='ocrx_word' id='word_1_192' title='bbox 443 2649 486 2677; x_wconf 58' lang='lat'>3⁴2.</span> <span class='ocrx_word' id='word_1_193' title='bbox 508 2658 708 2678; x_wconf 73' lang='lat' dir='ltr'>consensu</span> <span class='ocrx_word' id='word_1_194' title='bbox 730 2651 859 2686; x_wconf 66' lang='lat' dir='ltr'>plebs,</span> <span class='ocrx_word' id='word_1_195' title='bbox 881 2651 911 2681; x_wconf 81' lang='lat' dir='ltr'>C.</span> <span class='ocrx_word' id='word_1_196' title='bbox 937 2661 965 2679; x_wconf 85' lang='grc' dir='ltr'>ιι.</span> <span class='ocrx_word' id='word_1_197' title='bbox 985 2650 1005 2679; x_wconf 88' lang='lat' dir='ltr'>S</span> <span class='ocrx_word' id='word_1_198' title='bbox 1055 2652 1099 2682; x_wconf 76' lang='lat'>37.</span> <span class='ocrx_word' id='word_1_199' title='bbox 1121 2649 1438 2685; x_wconf 66' lang='lat' dir='ltr'>metnpontanu.</span> 
     </span>
    </p>
   </div>
   <div class='ocr_carea' id='block_1_5' title="bbox 172 2693 1440 2789">
    <p class='ocr_par' dir='ltr' id='par_1_18' title="bbox 172 2693 1440 2789">
     <span class='ocr_line' id='line_1_36' title="bbox 177 2693 1440 2733; baseline 0.002 -12"><span class='ocrx_word' id='word_1_200' title='bbox 177 2693 214 2718; x_wconf 80' lang='lat' dir='ltr'>M·</span> <span class='ocrx_word' id='word_1_201' title='bbox 236 2702 263 2721; x_wconf 82' lang='lat'>1¹.</span> <span class='ocrx_word' id='word_1_202' title='bbox 286 2694 317 2721; x_wconf 84' lang='lat' dir='ltr'>P.</span> <span class='ocrx_word' id='word_1_203' title='bbox 358 2694 398 2722; x_wconf 65' lang='lat'>(18.</span> <span class='ocrx_word' id='word_1_204' title='bbox 420 2696 633 2722; x_wconf 72' lang='lat' dir='ltr'>pontificis</span> <span class='ocrx_word' id='word_1_205' title='bbox 654 2700 842 2733; x_wconf 58' lang='lat' dir='ltr'>scriptis,</span> <span class='ocrx_word' id='word_1_206' title='bbox 862 2699 902 2727; x_wconf 86' lang='lat' dir='ltr'>M.</span> <span class='ocrx_word' id='word_1_207' title='bbox 929 2709 954 2726; x_wconf 93' lang='lat' dir='ltr'>u.</span> <span class='ocrx_word' id='word_1_208' title='bbox 974 2699 1005 2724; x_wconf 86' lang='grc' dir='ltr'>Ρ.</span> <span class='ocrx_word' id='word_1_209' title='bbox 1043 2698 1085 2726; x_wconf 64' lang='lat'>³4.</span> <span class='ocrx_word' id='word_1_210' title='bbox 1106 2699 1281 2731; x_wconf 61' lang='lat' dir='ltr'>Atheus,</span> <span class='ocrx_word' id='word_1_211' title='bbox 1302 2698 1341 2723; x_wconf 80' lang='lat' dir='ltr'>M.</span> <span class='ocrx_word' id='word_1_212' title='bbox 1362 2706 1389 2724; x_wconf 90' lang='lat' dir='ltr'>u.</span> <span class='ocrx_word' id='word_1_213' title='bbox 1408 2698 1440 2727; x_wconf 81' lang='grc' dir='ltr'>Ρ.</span> 
     </span>
     <span class='ocr_line' id='line_1_37' title="bbox 172 2736 1164 2789; baseline 0.015 -27"><span class='ocrx_word' id='word_1_214' title='bbox 172 2737 214 2766; x_wconf 51' lang='grc' dir='ltr'>ὁὶ.</span> <span class='ocrx_word' id='word_1_215' title='bbox 238 2736 377 2775; x_wconf 70' lang='grc' dir='ltr'>Ηιικςῳιο</span> <span class='ocrx_word' id='word_1_216' title='bbox 399 2738 519 2775; x_wconf 72' lang='lat' dir='ltr'>Deus,</span> <span class='ocrx_word' id='word_1_217' title='bbox 544 2743 574 2769; x_wconf 82' lang='lat' dir='ltr'>C.</span> <span class='ocrx_word' id='word_1_218' title='bbox 598 2751 625 2769; x_wconf 81' lang='lat'>1¹.</span> <span class='ocrx_word' id='word_1_219' title='bbox 647 2743 679 2770; x_wconf 84' lang='lat' dir='ltr'>S.</span> <span class='ocrx_word' id='word_1_220' title='bbox 1151 2779 1164 2789; x_wconf 47' lang='grc' dir='ltr'><strong>Ἰ</strong></span> 
     </span>
    </p>
   </div>
  </div>
 </body>
</html>
