1702 2939
793 229 1105 273 -130—

387 347 476 388 Hoc
505 349 625 386 utens
655 347 695 386 in
726 347 858 385 fronte
890 346 1022 398 precis
1053 344 1322 385 modulamine
1354 343 1508 385 laudis:

387 416 682 468 „Omnipnrens
713 415 828 454 verbi
857 415 1018 465 genitor
1049 413 1268 464 mundique
1299 416 1470 459 creator,

387 484 506 531 „Qui,
539 497 629 523 cum
659 484 808 522 dilecto
839 495 1031 530 regnans,
1062 487 1172 519 retro
1205 486 1387 533 tempora
1417 483 1523 529 nato,

273 550 368 591 375.
393 552 720 602 „Amborumque
751 554 968 590 coaeterno
1003 563 1094 587 cum
1125 549 1284 587 flamine
1316 561 1444 596 sacro,

390 619 549 670 „Digne
582 619 771 666 laudaris,
803 618 961 661 coleris,
993 616 1217 663 veneraris,
1250 616 1410 664 amaris,

392 686 475 733 „Tc
507 687 637 725 solum
668 687 799 733 laudo,
831 690 871 724 te
902 685 1106 723 laudando
1139 685 1346 731 benedico,

391 753 468 800 „Et
500 755 569 792 tibi
600 754 748 793 devote
778 760 918 803 grates
951 752 1140 804 persolvo
1171 765 1388 804 perennes,

388 821 606 872 „Ejusdem
639 822 732 873 quia
762 822 864 860 fulta
893 821 950 859 tui
980 820 1195 858 munimine
1228 820 1324 867 nati,

274 887 647 940 3SO.„Nu1nquaxn
679 889 875 928 subcubui
906 888 1107 939 serpentis
1139 888 1283 927 fraude
1314 887 1477 935 vetusti,

388 956 591 1008 „Corpore
623 958 695 995 sed
726 961 849 1003 casto,
881 970 982 1008 puro
1016 955 1229 1006 cordisque
1261 958 1420 994 secreto

389 1025 559 1072 „Farnis
592 1025 808 1076 spurcitias
839 1023 1088 1075 pertransivi
1119 1024 1222 1061 benc
1254 1029 1433 1069 cunetas,

388 1092 573 1138 „Poenas
605 1092 795 1142 sacrilegi
826 1092 979 1143 pariter
1009 1091 1241 1142 superando
1272 1090 1446 1142 tyranni.

389 1158 533 1206 ,‚Hinc,
565 1160 752 1209 gaudens
783 1159 822 1197 in
854 1162 893 1197 tc
925 1159 1089 1197 nimium
1120 1171 1244 1210 super
1274 1158 1350 1196 hac
1380 1158 1544 1210 pietate,

274 1224 368 1265 385.
390 1227 481 1274 „Ad
514 1230 553 1265 te
586 1240 693 1265 nunc
724 1227 867 1265 animis
900 1227 1046 1265 festino
1078 1226 1220 1264 venire
1245 1225 1446 1277 jocundis,

390 1294 572 1346 „Optans
599 1296 694 1346 jura
725 1295 809 1347 pati
840 1295 980 1333 mortis
1012 1295 1212 1345 citiusque
1243 1294 1406 1341 resolvi,

392 1362 510 1409 „Quo
541 1375 701 1400 mercar
733 1375 831 1400 vere
863 1362 1128 1413 contemplari
1160 1362 1247 1400 sine
1279 1362 1358 1400 fine

387 1429 483 1476 „Te,
515 1443 633 1480 quem
667 1430 862 1480 quaesivi,
895 1443 1014 1479 quem
1045 1430 1173 1467 solum
1204 1442 1365 1480 semper
1396 1428 1538 1467 amavi.

388 1496 475 1544 „Tu
508 1497 686 1535 clemens
718 1497 902 1544 animam,
934 1510 1007 1548 pro
1039 1499 1079 1535 te
1111 1497 1162 1534 de
1194 1509 1363 1548 corpore
1394 1497 1563 1547 pulsam,

274 1561 369 1601 390.
391 1564 532 1611 „intra
564 1565 744 1603 claustra
774 1565 833 1603 tui
864 1565 1081 1614 dignanter
1112 1564 1273 1616 suscipe
1304 1563 1435 1614 regni,

394 1632 511 1679 „Quo
544 1635 600 1679 tu,
627 1633 722 1683 jure
754 1636 822 1671 tuo
853 1633 1013 1684 pollens
1044 1632 1118 1670 sub
1149 1631 1310 1670 nomine
1339 1631 1457 1678 trino,

391 1698 513 1746 „Rex
543 1712 648 1738 unus
680 1700 891 1739 machinae
921 1713 1058 1738 rerum
1087 1712 1161 1751 per
1192 1699 1357 1737 saecula
1386 1699 1518 1738 trinae

388 1765 500 1812 „Ista
531 1769 676 1805 cuncta
707 1767 819 1817 regis
849 1771 1011 1819 sceptro
1043 1780 1222 1806 sununae
1253 1767 1453 1806 deitatis.“

387 1833 564 1880 Scilicet,
596 1835 749 1873 orantis
780 1835 968 1886 precibus
994 1836 1078 1886 jam
1108 1836 1185 1874 rite
1216 1835 1406 1886 peractis,

273 1898 370 1938 395.
394 1900 564 1949 Ignibus
596 1902 800 1949 extinctis,
831 1903 1000 1940 moritur
1031 1903 1163 1941 subito
1193 1915 1320 1953 rogus
1351 1901 1491 1950 omnis,

384 1967 439 2005 Et
469 1968 568 2006 cinis
598 1969 698 2019 ipse,
731 1970 814 2007 suis
845 1969 1183 2019 confrigescendo
1215 1969 1377 2017 favillis,

386 2033 451 2073 Sic
483 2048 634 2086 expers
664 2037 791 2074 omnis
823 2037 955 2075 factus
986 2037 1063 2076 suit
1091 2037 1210 2076 inuno
1241 2038 1401 2085 caloris,

384 2101 441 2141 Ut
473 2115 549 2140 nec
579 2103 797 2142 scintillam
827 2105 901 2142 sibi
932 2109 1025 2156 post
1056 2105 1287 2144 servaverit
1317 2105 1452 2147 ullam.

383 2167 474 2208 Hoc
502 2170 632 2220 igitur
664 2171 780 2221 signo
807 2172 892 2223 jam
923 2173 1176 2211 clarescente
1207 2172 1421 2224 stupendo,

273 2232 367 2273 400.
391 2235 554 2280 Quanto
585 2250 629 2275 se
660 2239 792 2277 virtus
824 2237 973 2278 Christi
1003 2240 1094 2291 plus
1125 2240 1282 2291 detegit
1311 2240 1409 2288 orbi,

386 2303 516 2342 Tanto
547 2306 712 2356 majoris
742 2307 896 2346 rabiem
926 2307 1117 2359 spirando
1149 2307 1309 2355 suroris,

386 2370 571 2422 Injustus
597 2373 730 2424 judex
761 2375 892 2414 animo
923 2375 1128 2414 cruciatur
1159 2387 1308 2423 amaro,

387 2437 475 2478 Nec
505 2440 658 2491 patitur
690 2453 848 2480 sacram
878 2442 1100 2494 posthaec
1131 2455 1349 2495 superesse
1378 2441 1571 2495 puellam,

303 2580 365 2609 372.
387 2579 467 2616 Hae,
496 2581 526 2609 C.
551 2582 611 2609 und
635 2581 684 2618 S.;
723 2591 904 2618 praeces,
933 2584 972 2611 Μ.
993 2593 1022 2611 ιι.
1043 2585 1092 2621 Ρ.;
1125 2593 1258 2620 prece,
1284 2585 1314 2612 C.
1337 2585 1395 2612 und
1423 2586 1454 2613 S.
1489 2587 1551 2615 379.
1571 2593 1626 2612 nu-

388 2629 502 2662 mine,
535 2629 597 2663 Μ,;
633 2629 664 2656 P.
698 2631 817 2663 erganzt
853 2638 929 2656 eum
965 2631 1125 2666 (numine).
1170 2632 1230 2659 393.
1255 2632 1426 2666 istaque,
1459 2631 1490 2658 C.
1523 2639 1551 2658 u.
1583 2630 1634 2667 S.;

388 2673 494 2708 nte,
517 2674 550 2703 Ρ.
587 2675 649 2702 396.
671 2675 941 2711 coi-frigendo,
961 2676 1000 2702 Μ.
1020 2685 1048 2703 ιι.
1072 2677 1104 2704 Ρ.
1142 2677 1201 2703 401.
1225 2677 1349 2712 rabie,
1372 2677 1404 2705 C.
1424 2685 1452 2703 u.
1473 2675 1504 2703 S;
