<?xml version="1.0" encoding="UTF-8"?>
<!DOCTYPE html PUBLIC "-//W3C//DTD XHTML 1.0 Transitional//EN"
    "http://www.w3.org/TR/xhtml1/DTD/xhtml1-transitional.dtd">
<html xmlns="http://www.w3.org/1999/xhtml" xml:lang="en" lang="en">
 <head>
  <title>
</title>
<meta http-equiv="Content-Type" content="text/html;charset=utf-8" />
  <meta name='ocr-system' content='tesseract 3.04.00' />
  <meta name='ocr-capabilities' content='ocr_page ocr_carea ocr_par ocr_line ocrx_word'/>
</head>
<body>
  <div class='ocr_page' id='page_1' title='image "./diewerke00hrotuoft_0096.png"; bbox 0 0 1702 2939; ppageno 0'>
   <div class='ocr_carea' id='block_1_1' title="bbox 818 182 1097 224">
    <p class='ocr_par' dir='ltr' id='par_1_1' title="bbox 818 182 1097 224">
     <span class='ocr_line' id='line_1_1' title="bbox 818 182 1097 224; baseline 0 -10"><span class='ocrx_word' id='word_1_1' title='bbox 818 182 1097 224; x_wconf 58' lang='lat'>„13-</span> 
     </span>
    </p>
   </div>
   <div class='ocr_carea' id='block_1_2' title="bbox 251 297 1625 2474">
    <p class='ocr_par' dir='ltr' id='par_1_2' title="bbox 394 297 1306 351">
     <span class='ocr_line' id='line_1_2' title="bbox 394 297 1306 351; baseline -0.001 -13"><span class='ocrx_word' id='word_1_2' title='bbox 394 297 504 343; x_wconf 79' lang='lat' dir='ltr'>..Iam</span> <span class='ocrx_word' id='word_1_3' title='bbox 535 298 775 351; x_wconf 79' lang='lat' dir='ltr'>desperatae</span> <span class='ocrx_word' id='word_1_4' title='bbox 807 298 962 338; x_wconf 82' lang='lat' dir='ltr'>donasti</span> <span class='ocrx_word' id='word_1_5' title='bbox 995 299 1145 351; x_wconf 79' lang='lat' dir='ltr'>gaudia</span> <span class='ocrx_word' id='word_1_6' title='bbox 1176 304 1306 338; x_wconf 72' lang='lat' dir='ltr'>natae.</span> 
     </span>
    </p>

    <p class='ocr_par' dir='ltr' id='par_1_3' title="bbox 391 366 1478 420">
     <span class='ocr_line' id='line_1_3' title="bbox 391 366 1478 420; baseline 0.002 -15"><span class='ocrx_word' id='word_1_7' title='bbox 391 366 558 413; x_wconf 72' lang='lat' dir='ltr'>„Audeo</span> <span class='ocrx_word' id='word_1_8' title='bbox 589 373 775 420; x_wconf 81' lang='lat' dir='ltr'>percerte</span> <span class='ocrx_word' id='word_1_9' title='bbox 806 373 896 420; x_wconf 76' lang='lat' dir='ltr'>post</span> <span class='ocrx_word' id='word_1_10' title='bbox 929 368 1026 406; x_wconf 72' lang='lat' dir='ltr'>hacc</span> <span class='ocrx_word' id='word_1_11' title='bbox 1058 368 1129 406; x_wconf 87' lang='lat' dir='ltr'>tibi</span> <span class='ocrx_word' id='word_1_12' title='bbox 1162 381 1328 406; x_wconf 85' lang='lat' dir='ltr'>munera</span> <span class='ocrx_word' id='word_1_13' title='bbox 1357 368 1478 416; x_wconf 85' lang='lat' dir='ltr'>ferre,</span> 
     </span>
    </p>

    <p class='ocr_par' dir='ltr' id='par_1_4' title="bbox 279 434 1602 558">
     <span class='ocr_line' id='line_1_4' title="bbox 389 434 1602 489; baseline 0 -15"><span class='ocrx_word' id='word_1_14' title='bbox 389 434 499 481; x_wconf 87' lang='lat' dir='ltr'>„Nec</span> <span class='ocrx_word' id='word_1_15' title='bbox 529 448 688 482; x_wconf 80' lang='lat' dir='ltr'>vereor,</span> <span class='ocrx_word' id='word_1_16' title='bbox 718 435 932 489; x_wconf 73' lang='lat' dir='ltr'>prohibere</span> <span class='ocrx_word' id='word_1_17' title='bbox 963 449 1094 474; x_wconf 85' lang='lat' dir='ltr'>meum</span> <span class='ocrx_word' id='word_1_18' title='bbox 1124 440 1222 489; x_wconf 76' lang='lat' dir='ltr'>post</span> <span class='ocrx_word' id='word_1_19' title='bbox 1261 436 1359 475; x_wconf 89' lang='lat' dir='ltr'>haec</span> <span class='ocrx_word' id='word_1_20' title='bbox 1389 435 1602 483; x_wconf 83' lang='lat' dir='ltr'>inimicum,</span> 
     </span>
     <span class='ocr_line' id='line_1_5' title="bbox 279 499 1480 558; baseline 0.002 -17"><span class='ocrx_word' id='word_1_21' title='bbox 279 499 371 541; x_wconf 73' lang='lat'>3⁶20.</span> <span class='ocrx_word' id='word_1_22' title='bbox 390 501 547 549; x_wconf 82' lang='lat' dir='ltr'>..Quem</span> <span class='ocrx_word' id='word_1_23' title='bbox 575 504 737 543; x_wconf 72' lang='lat' dir='ltr'>visitem</span> <span class='ocrx_word' id='word_1_24' title='bbox 767 505 893 543; x_wconf 81' lang='lat' dir='ltr'>sacris</span> <span class='ocrx_word' id='word_1_25' title='bbox 923 506 1061 558; x_wconf 69' lang='lat' dir='ltr'>templi</span> <span class='ocrx_word' id='word_1_26' title='bbox 1096 505 1246 544; x_wconf 83' lang='lat' dir='ltr'>sociata</span> <span class='ocrx_word' id='word_1_27' title='bbox 1276 505 1480 544; x_wconf 78' lang='lat' dir='ltr'><strong>ministris.</strong></span> 
     </span>
    </p>

    <p class='ocr_par' dir='ltr' id='par_1_5' title="bbox 391 571 1419 620">
     <span class='ocr_line' id='line_1_6' title="bbox 391 571 1419 620; baseline 0.001 -9"><span class='ocrx_word' id='word_1_28' title='bbox 391 571 522 619; x_wconf 78' lang='lat' dir='ltr'>„Hinc</span> <span class='ocrx_word' id='word_1_29' title='bbox 552 577 593 612; x_wconf 88' lang='lat' dir='ltr'>te</span> <span class='ocrx_word' id='word_1_30' title='bbox 624 573 821 612; x_wconf 77' lang='lat' dir='ltr'>coelestes</span> <span class='ocrx_word' id='word_1_31' title='bbox 853 574 1095 613; x_wconf 80' lang='lat' dir='ltr'>conlaudant</span> <span class='ocrx_word' id='word_1_32' title='bbox 1125 574 1265 612; x_wconf 82' lang='lat' dir='ltr'>sedulo</span> <span class='ocrx_word' id='word_1_33' title='bbox 1296 574 1419 620; x_wconf 70' lang='lat' dir='ltr'>cives,</span> 
     </span>
    </p>

    <p class='ocr_par' dir='ltr' id='par_1_6' title="bbox 387 638 1607 695">
     <span class='ocr_line' id='line_1_7' title="bbox 387 638 1607 695; baseline 0 -14"><span class='ocrx_word' id='word_1_34' title='bbox 387 638 665 693; x_wconf 80' lang='lat' dir='ltr'>„Condignum</span> <span class='ocrx_word' id='word_1_35' title='bbox 696 654 857 681; x_wconf 82' lang='lat' dir='ltr'>carmen</span> <span class='ocrx_word' id='word_1_36' title='bbox 889 643 1129 681; x_wconf 82' lang='lat' dir='ltr'>modulando</span> <span class='ocrx_word' id='word_1_37' title='bbox 1160 642 1405 695; x_wconf 86' lang='lat' dir='ltr'>perenniter,</span> <span class='ocrx_word' id='word_1_38' title='bbox 1436 642 1607 681; x_wconf 87' lang='lat' dir='ltr'>Amen.“</span> 
     </span>
    </p>

    <p class='ocr_par' dir='ltr' id='par_1_7' title="bbox 385 707 1213 759">
     <span class='ocr_line' id='line_1_8' title="bbox 385 707 1213 759; baseline 0.001 -11"><span class='ocrx_word' id='word_1_39' title='bbox 385 707 461 748; x_wconf 85' lang='lat' dir='ltr'>His</span> <span class='ocrx_word' id='word_1_40' title='bbox 493 710 548 748; x_wconf 84' lang='lat' dir='ltr'>ita</span> <span class='ocrx_word' id='word_1_41' title='bbox 578 709 699 749; x_wconf 79' lang='lat' dir='ltr'>finitis</span> <span class='ocrx_word' id='word_1_42' title='bbox 731 710 882 750; x_wconf 78' lang='lat' dir='ltr'>orantis</span> <span class='ocrx_word' id='word_1_43' title='bbox 914 711 1068 750; x_wconf 78' lang='lat' dir='ltr'>scilicet</span> <span class='ocrx_word' id='word_1_44' title='bbox 1098 711 1213 759; x_wconf 83' lang='lat' dir='ltr'>orsis,</span> 
     </span>
    </p>

    <p class='ocr_par' dir='ltr' id='par_1_8' title="bbox 385 775 1284 832">
     <span class='ocr_line' id='line_1_9' title="bbox 385 775 1284 832; baseline 0.001 -16"><span class='ocrx_word' id='word_1_45' title='bbox 385 775 577 817; x_wconf 81' lang='lat' dir='ltr'>Germine</span> <span class='ocrx_word' id='word_1_46' title='bbox 609 779 748 818; x_wconf 79' lang='lat' dir='ltr'>felices</span> <span class='ocrx_word' id='word_1_47' title='bbox 778 780 869 818; x_wconf 78' lang='lat' dir='ltr'>talis</span> <span class='ocrx_word' id='word_1_48' title='bbox 901 779 1061 818; x_wconf 86' lang='lat' dir='ltr'>rediere</span> <span class='ocrx_word' id='word_1_49' title='bbox 1093 782 1284 832; x_wconf 79' lang='lat' dir='ltr'>parentes</span> 
     </span>
    </p>

    <p class='ocr_par' dir='ltr' id='par_1_9' title="bbox 272 843 1394 901">
     <span class='ocr_line' id='line_1_10' title="bbox 272 843 1394 901; baseline 0.002 -17"><span class='ocrx_word' id='word_1_50' title='bbox 272 843 549 893; x_wconf 80' lang='lat' dir='ltr'>325.1ndolis‚</span> <span class='ocrx_word' id='word_1_51' title='bbox 580 846 620 886; x_wconf 88' lang='lat' dir='ltr'>in</span> <span class='ocrx_word' id='word_1_52' title='bbox 650 848 799 900; x_wconf 88' lang='lat' dir='ltr'>templo</span> <span class='ocrx_word' id='word_1_53' title='bbox 829 860 958 901; x_wconf 75' lang='lat' dir='ltr'>parva</span> <span class='ocrx_word' id='word_1_54' title='bbox 987 853 1222 888; x_wconf 80' lang='lat' dir='ltr'>remanente</span> <span class='ocrx_word' id='word_1_55' title='bbox 1253 847 1394 887; x_wconf 82' lang='lat' dir='ltr'>Maria.</span> 
     </span>
    </p>

    <p class='ocr_par' dir='ltr' id='par_1_10' title="bbox 379 915 1625 1175">
     <span class='ocr_line' id='line_1_11' title="bbox 439 915 1572 969; baseline 0.002 -15"><span class='ocrx_word' id='word_1_56' title='bbox 439 915 590 955; x_wconf 84' lang='lat' dir='ltr'>Omnes</span> <span class='ocrx_word' id='word_1_57' title='bbox 621 916 819 955; x_wconf 84' lang='lat' dir='ltr'>humanae</span> <span class='ocrx_word' id='word_1_58' title='bbox 848 920 1056 969; x_wconf 88' lang='lat' dir='ltr'>nequeunt</span> <span class='ocrx_word' id='word_1_59' title='bbox 1085 916 1363 969; x_wconf 79' lang='lat' dir='ltr'><strong>conprendere</strong></span> <span class='ocrx_word' id='word_1_60' title='bbox 1397 916 1572 968; x_wconf 81' lang='lat' dir='ltr'>linguae,</span> 
     </span>
     <span class='ocr_line' id='line_1_12' title="bbox 379 983 1625 1038; baseline 0.001 -15"><span class='ocrx_word' id='word_1_61' title='bbox 379 983 466 1024; x_wconf 81' lang='lat' dir='ltr'>Nec</span> <span class='ocrx_word' id='word_1_62' title='bbox 495 984 695 1038; x_wconf 44' lang='lat' dir='ltr'>potisjest</span> <span class='ocrx_word' id='word_1_63' title='bbox 724 985 890 1034; x_wconf 77' lang='lat' dir='ltr'>stabilis,</span> <span class='ocrx_word' id='word_1_64' title='bbox 921 985 1104 1037; x_wconf 86' lang='lat' dir='ltr'>quamvis</span> <span class='ocrx_word' id='word_1_65' title='bbox 1136 986 1305 1024; x_wconf 81' lang='lat' dir='ltr'>verbum</span> <span class='ocrx_word' id='word_1_66' title='bbox 1347 989 1474 1033; x_wconf 89' lang='lat' dir='ltr'>sonet,</span> <span class='ocrx_word' id='word_1_67' title='bbox 1505 985 1625 1030; x_wconf 81' lang='lat' dir='ltr'>orbis.</span> 
     </span>
     <span class='ocr_line' id='line_1_13' title="bbox 384 1052 1338 1107; baseline 0.002 -16"><span class='ocrx_word' id='word_1_68' title='bbox 384 1052 507 1091; x_wconf 73' lang='lat' dir='ltr'>Istius</span> <span class='ocrx_word' id='word_1_69' title='bbox 538 1052 703 1092; x_wconf 81' lang='lat' dir='ltr'>infantis</span> <span class='ocrx_word' id='word_1_70' title='bbox 732 1055 984 1107; x_wconf 84' lang='lat' dir='ltr'>praeclaram</span> <span class='ocrx_word' id='word_1_71' title='bbox 1014 1055 1149 1094; x_wconf 84' lang='lat' dir='ltr'>dicere</span> <span class='ocrx_word' id='word_1_72' title='bbox 1180 1055 1338 1100; x_wconf 84' lang='lat' dir='ltr'>famam,</span> 
     </span>
     <span class='ocr_line' id='line_1_14' title="bbox 381 1119 1392 1175; baseline 0.002 -16"><span class='ocrx_word' id='word_1_73' title='bbox 381 1119 461 1160; x_wconf 81' lang='lat' dir='ltr'>Sed</span> <span class='ocrx_word' id='word_1_74' title='bbox 492 1133 568 1160; x_wconf 87' lang='lat' dir='ltr'>nec</span> <span class='ocrx_word' id='word_1_75' title='bbox 597 1122 805 1161; x_wconf 86' lang='lat' dir='ltr'>mirandae</span> <span class='ocrx_word' id='word_1_76' title='bbox 835 1123 958 1161; x_wconf 86' lang='lat' dir='ltr'>vitam</span> <span class='ocrx_word' id='word_1_77' title='bbox 989 1135 1202 1174; x_wconf 82' lang='lat' dir='ltr'>moresque</span> <span class='ocrx_word' id='word_1_78' title='bbox 1232 1123 1392 1175; x_wconf 84' lang='lat' dir='ltr'>puellae</span> 
     </span>
    </p>

    <p class='ocr_par' dir='ltr' id='par_1_11' title="bbox 266 1186 1532 1518">
     <span class='ocr_line' id='line_1_15' title="bbox 266 1186 1532 1244; baseline 0.003 -18"><span class='ocrx_word' id='word_1_79' title='bbox 266 1186 359 1227; x_wconf 80' lang='lat'>330.</span> <span class='ocrx_word' id='word_1_80' title='bbox 379 1188 482 1234; x_wconf 83' lang='lat' dir='ltr'>Quis</span> <span class='ocrx_word' id='word_1_81' title='bbox 513 1190 680 1229; x_wconf 86' lang='lat' dir='ltr'>laudare</span> <span class='ocrx_word' id='word_1_82' title='bbox 710 1191 838 1230; x_wconf 86' lang='lat' dir='ltr'>modis</span> <span class='ocrx_word' id='word_1_83' title='bbox 868 1192 972 1244; x_wconf 89' lang='lat' dir='ltr'>potis</span> <span class='ocrx_word' id='word_1_84' title='bbox 1003 1197 1066 1230; x_wconf 87' lang='lat' dir='ltr'>est</span> <span class='ocrx_word' id='word_1_85' title='bbox 1094 1205 1169 1244; x_wconf 88' lang='lat' dir='ltr'>per</span> <span class='ocrx_word' id='word_1_86' title='bbox 1200 1191 1338 1230; x_wconf 87' lang='lat' dir='ltr'>secula</span> <span class='ocrx_word' id='word_1_87' title='bbox 1367 1191 1532 1242; x_wconf 81' lang='lat' dir='ltr'>dignis?</span> 
     </span>
     <span class='ocr_line' id='line_1_16' title="bbox 377 1256 1396 1312; baseline 0.002 -16"><span class='ocrx_word' id='word_1_88' title='bbox 377 1256 499 1296; x_wconf 73' lang='lat' dir='ltr'>Haeo</span> <span class='ocrx_word' id='word_1_89' title='bbox 522 1259 626 1310; x_wconf 85' lang='lat' dir='ltr'>quia,</span> <span class='ocrx_word' id='word_1_90' title='bbox 657 1259 843 1299; x_wconf 84' lang='lat' dir='ltr'>continuo</span> <span class='ocrx_word' id='word_1_91' title='bbox 874 1261 986 1298; x_wconf 78' lang='lat' dir='ltr'>cunis</span> <span class='ocrx_word' id='word_1_92' title='bbox 1013 1261 1230 1307; x_wconf 86' lang='lat' dir='ltr'>subtracta,</span> <span class='ocrx_word' id='word_1_93' title='bbox 1260 1259 1396 1312; x_wconf 84' lang='lat' dir='ltr'>puella</span> 
     </span>
     <span class='ocr_line' id='line_1_17' title="bbox 377 1324 1199 1368; baseline 0.005 -5"><span class='ocrx_word' id='word_1_94' title='bbox 377 1324 552 1366; x_wconf 77' lang='lat' dir='ltr'>Maturis</span> <span class='ocrx_word' id='word_1_95' title='bbox 583 1328 688 1367; x_wconf 91' lang='lat' dir='ltr'>omni</span> <span class='ocrx_word' id='word_1_96' title='bbox 718 1328 880 1368; x_wconf 86' lang='lat' dir='ltr'>lucebat</span> <span class='ocrx_word' id='word_1_97' title='bbox 908 1329 1084 1367; x_wconf 79' lang='lat' dir='ltr'>moribus</span> <span class='ocrx_word' id='word_1_98' title='bbox 1115 1328 1199 1367; x_wconf 88' lang='lat' dir='ltr'>orbi</span> 
     </span>
     <span class='ocr_line' id='line_1_18' title="bbox 372 1394 1468 1450; baseline 0.002 -17"><span class='ocrx_word' id='word_1_99' title='bbox 372 1394 460 1434; x_wconf 79' lang='lat' dir='ltr'>Nec</span> <span class='ocrx_word' id='word_1_100' title='bbox 493 1396 705 1448; x_wconf 85' lang='lat' dir='ltr'>quicquam</span> <span class='ocrx_word' id='word_1_101' title='bbox 734 1397 922 1436; x_wconf 78' lang='lat' dir='ltr'>membris</span> <span class='ocrx_word' id='word_1_102' title='bbox 954 1397 1081 1447; x_wconf 80' lang='lat' dir='ltr'>gessit</span> <span class='ocrx_word' id='word_1_103' title='bbox 1110 1397 1266 1450; x_wconf 83' lang='lat' dir='ltr'>puerile</span> <span class='ocrx_word' id='word_1_104' title='bbox 1297 1396 1468 1436; x_wconf 85' lang='lat' dir='ltr'>tenellis.</span> 
     </span>
     <span class='ocr_line' id='line_1_19' title="bbox 374 1464 1331 1518; baseline 0 -15"><span class='ocrx_word' id='word_1_105' title='bbox 374 1464 453 1503; x_wconf 77' lang='lat' dir='ltr'>Ast</span> <span class='ocrx_word' id='word_1_106' title='bbox 483 1464 522 1502; x_wconf 91' lang='lat' dir='ltr'>in</span> <span class='ocrx_word' id='word_1_107' title='bbox 553 1465 782 1518; x_wconf 81' lang='lat' dir='ltr'>praeceptis</span> <span class='ocrx_word' id='word_1_108' title='bbox 815 1465 949 1504; x_wconf 85' lang='lat' dir='ltr'>fuerat</span> <span class='ocrx_word' id='word_1_109' title='bbox 974 1465 1196 1517; x_wconf 80' lang='lat' dir='ltr'>justissima</span> <span class='ocrx_word' id='word_1_110' title='bbox 1227 1465 1331 1516; x_wconf 84' lang='lat' dir='ltr'>legis</span> 
     </span>
    </p>

    <p class='ocr_par' dir='ltr' id='par_1_12' title="bbox 257 1529 1545 1860">
     <span class='ocr_line' id='line_1_20' title="bbox 257 1529 1427 1586; baseline 0.002 -16"><span class='ocrx_word' id='word_1_111' title='bbox 257 1529 355 1570; x_wconf 82' lang='lat'>335.</span> <span class='ocrx_word' id='word_1_112' title='bbox 373 1531 540 1571; x_wconf 69' lang='lat' dir='ltr'>Necnon</span> <span class='ocrx_word' id='word_1_113' title='bbox 573 1533 817 1572; x_wconf 81' lang='lat' dir='ltr'>carminibus</span> <span class='ocrx_word' id='word_1_114' title='bbox 847 1546 1007 1586; x_wconf 84' lang='lat' dir='ltr'>semper</span> <span class='ocrx_word' id='word_1_115' title='bbox 1038 1534 1218 1572; x_wconf 85' lang='lat' dir='ltr'>studiosa</span> <span class='ocrx_word' id='word_1_116' title='bbox 1246 1533 1427 1573; x_wconf 87' lang='lat' dir='ltr'>Davidis.</span> 
     </span>
     <span class='ocr_line' id='line_1_21' title="bbox 375 1600 1545 1654; baseline 0.002 -15"><span class='ocrx_word' id='word_1_117' title='bbox 375 1600 489 1640; x_wconf 85' lang='lat' dir='ltr'>Haec</span> <span class='ocrx_word' id='word_1_118' title='bbox 519 1602 711 1654; x_wconf 83' lang='lat' dir='ltr'>prudens,</span> <span class='ocrx_word' id='word_1_119' title='bbox 742 1602 913 1648; x_wconf 88' lang='lat' dir='ltr'>humilis,</span> <span class='ocrx_word' id='word_1_120' title='bbox 946 1602 1112 1641; x_wconf 80' lang='lat' dir='ltr'>fervens</span> <span class='ocrx_word' id='word_1_121' title='bbox 1143 1602 1357 1641; x_wconf 83' lang='lat' dir='ltr'>dulcedine</span> <span class='ocrx_word' id='word_1_122' title='bbox 1387 1602 1545 1650; x_wconf 78' lang='lat' dir='ltr'>mentis,</span> 
     </span>
     <span class='ocr_line' id='line_1_22' title="bbox 377 1668 1479 1724; baseline 0.001 -16"><span class='ocrx_word' id='word_1_123' title='bbox 377 1668 571 1709; x_wconf 84' lang='lat' dir='ltr'>Omnibus</span> <span class='ocrx_word' id='word_1_124' title='bbox 602 1677 724 1721; x_wconf 84' lang='lat' dir='ltr'>atque</span> <span class='ocrx_word' id='word_1_125' title='bbox 753 1671 931 1724; x_wconf 77' lang='lat' dir='ltr'>placens,</span> <span class='ocrx_word' id='word_1_126' title='bbox 963 1674 1046 1710; x_wconf 88' lang='lat' dir='ltr'>tota</span> <span class='ocrx_word' id='word_1_127' title='bbox 1076 1671 1227 1710; x_wconf 88' lang='lat' dir='ltr'>virtute</span> <span class='ocrx_word' id='word_1_128' title='bbox 1256 1670 1479 1722; x_wconf 84' lang='lat' dir='ltr'>refulgens.</span> 
     </span>
     <span class='ocr_line' id='line_1_23' title="bbox 368 1737 1442 1786; baseline 0 -9"><span class='ocrx_word' id='word_1_129' title='bbox 368 1737 487 1778; x_wconf 86' lang='lat' dir='ltr'>Hanc</span> <span class='ocrx_word' id='word_1_130' title='bbox 517 1738 686 1778; x_wconf 86' lang='lat' dir='ltr'>hominis</span> <span class='ocrx_word' id='word_1_131' title='bbox 715 1739 1024 1779; x_wconf 82' lang='lat' dir='ltr'>maledicentem</span> <span class='ocrx_word' id='word_1_132' title='bbox 1053 1752 1132 1778; x_wconf 90' lang='lat' dir='ltr'>non</span> <span class='ocrx_word' id='word_1_133' title='bbox 1163 1739 1290 1778; x_wconf 84' lang='lat' dir='ltr'>audiit</span> <span class='ocrx_word' id='word_1_134' title='bbox 1319 1738 1442 1786; x_wconf 88' lang='lat' dir='ltr'>auris,</span> 
     </span>
     <span class='ocr_line' id='line_1_24' title="bbox 370 1805 1532 1860; baseline 0 -14"><span class='ocrx_word' id='word_1_135' title='bbox 370 1805 574 1846; x_wconf 82' lang='lat' dir='ltr'>Offensam</span> <span class='ocrx_word' id='word_1_136' title='bbox 607 1808 679 1847; x_wconf 87' lang='lat' dir='ltr'>sed</span> <span class='ocrx_word' id='word_1_137' title='bbox 709 1821 785 1847; x_wconf 86' lang='lat' dir='ltr'>nec</span> <span class='ocrx_word' id='word_1_138' title='bbox 815 1808 1024 1860; x_wconf 82' lang='lat' dir='ltr'>quisquam</span> <span class='ocrx_word' id='word_1_139' title='bbox 1055 1810 1305 1860; x_wconf 81' lang='lat' dir='ltr'>cognoverat</span> <span class='ocrx_word' id='word_1_140' title='bbox 1334 1819 1532 1860; x_wconf 88' lang='lat' dir='ltr'>umquam.</span> 
     </span>
    </p>

    <p class='ocr_par' dir='ltr' id='par_1_13' title="bbox 255 1872 1440 1928">
     <span class='ocr_line' id='line_1_25' title="bbox 255 1872 1440 1928; baseline 0.002 -15"><span class='ocrx_word' id='word_1_141' title='bbox 255 1872 347 1913; x_wconf 84' lang='lat'>340.</span> <span class='ocrx_word' id='word_1_142' title='bbox 369 1873 540 1928; x_wconf 87' lang='lat' dir='ltr'>Semper</span> <span class='ocrx_word' id='word_1_143' title='bbox 571 1879 660 1914; x_wconf 90' lang='lat' dir='ltr'>erat</span> <span class='ocrx_word' id='word_1_144' title='bbox 687 1876 793 1915; x_wconf 83' lang='lat' dir='ltr'>mitis</span> <span class='ocrx_word' id='word_1_145' title='bbox 823 1889 980 1916; x_wconf 87' lang='lat' dir='ltr'>necnon</span> <span class='ocrx_word' id='word_1_146' title='bbox 1011 1876 1243 1927; x_wconf 80' lang='lat' dir='ltr'>gratissima</span> <span class='ocrx_word' id='word_1_147' title='bbox 1273 1875 1440 1924; x_wconf 80' lang='lat' dir='ltr'>cunctis,</span> 
     </span>
    </p>

    <p class='ocr_par' dir='ltr' id='par_1_14' title="bbox 364 1942 1453 2201">
     <span class='ocr_line' id='line_1_26' title="bbox 364 1942 1453 1997; baseline 0 -15"><span class='ocrx_word' id='word_1_148' title='bbox 364 1942 430 1989; x_wconf 90' lang='lat' dir='ltr'>Et,</span> <span class='ocrx_word' id='word_1_149' title='bbox 463 1955 568 1995; x_wconf 85' lang='lat' dir='ltr'>quae</span> <span class='ocrx_word' id='word_1_150' title='bbox 598 1957 743 1997; x_wconf 89' lang='lat' dir='ltr'>nempe</span> <span class='ocrx_word' id='word_1_151' title='bbox 773 1958 846 1984; x_wconf 86' lang='lat' dir='ltr'>suo</span> <span class='ocrx_word' id='word_1_152' title='bbox 876 1944 1070 1997; x_wconf 89' lang='lat' dir='ltr'>profluxit</span> <span class='ocrx_word' id='word_1_153' title='bbox 1099 1945 1148 1984; x_wconf 90' lang='lat' dir='ltr'>ab</span> <span class='ocrx_word' id='word_1_154' title='bbox 1180 1958 1249 1983; x_wconf 89' lang='lat' dir='ltr'>ore</span> <span class='ocrx_word' id='word_1_155' title='bbox 1279 1943 1453 1996; x_wconf 87' lang='lat' dir='ltr'>loquela,</span> 
     </span>
     <span class='ocr_line' id='line_1_27' title="bbox 366 2010 1370 2066; baseline 0.001 -15"><span class='ocrx_word' id='word_1_156' title='bbox 366 2010 544 2051; x_wconf 74' lang='lat' dir='ltr'>Nec-tare</span> <span class='ocrx_word' id='word_1_157' title='bbox 574 2013 772 2064; x_wconf 86' lang='lat' dir='ltr'>gratiolae</span> <span class='ocrx_word' id='word_1_158' title='bbox 803 2013 937 2052; x_wconf 87' lang='lat' dir='ltr'>fuerat</span> <span class='ocrx_word' id='word_1_159' title='bbox 967 2012 1127 2052; x_wconf 86' lang='lat' dir='ltr'>condita</span> <span class='ocrx_word' id='word_1_160' title='bbox 1157 2025 1370 2066; x_wconf 87' lang='lat' dir='ltr'>supernae.</span> 
     </span>
     <span class='ocr_line' id='line_1_28' title="bbox 367 2079 1341 2132; baseline 0.001 -14"><span class='ocrx_word' id='word_1_161' title='bbox 367 2079 431 2127; x_wconf 80' lang='lat' dir='ltr'>Et,</span> <span class='ocrx_word' id='word_1_162' title='bbox 463 2093 554 2119; x_wconf 91' lang='lat' dir='ltr'>cum</span> <span class='ocrx_word' id='word_1_163' title='bbox 584 2081 672 2132; x_wconf 85' lang='lat' dir='ltr'>quis</span> <span class='ocrx_word' id='word_1_164' title='bbox 703 2081 838 2120; x_wconf 83' lang='lat' dir='ltr'>verbis</span> <span class='ocrx_word' id='word_1_165' title='bbox 869 2081 924 2120; x_wconf 90' lang='lat' dir='ltr'>illi</span> <span class='ocrx_word' id='word_1_166' title='bbox 955 2081 1165 2121; x_wconf 84' lang='lat' dir='ltr'>benedixit</span> <span class='ocrx_word' id='word_1_167' title='bbox 1194 2081 1341 2131; x_wconf 87' lang='lat' dir='ltr'>amicis,</span> 
     </span>
     <span class='ocr_line' id='line_1_29' title="bbox 369 2147 1417 2201; baseline 0.004 -14"><span class='ocrx_word' id='word_1_168' title='bbox 369 2147 467 2188; x_wconf 83' lang='lat' dir='ltr'>Mox</span> <span class='ocrx_word' id='word_1_169' title='bbox 497 2152 636 2201; x_wconf 80' lang='lat' dir='ltr'>grates</span> <span class='ocrx_word' id='word_1_170' title='bbox 666 2149 833 2189; x_wconf 84' lang='lat' dir='ltr'>Domino</span> <span class='ocrx_word' id='word_1_171' title='bbox 864 2150 1022 2189; x_wconf 81' lang='lat' dir='ltr'>curavit</span> <span class='ocrx_word' id='word_1_172' title='bbox 1051 2150 1224 2189; x_wconf 85' lang='lat' dir='ltr'>reddere</span> <span class='ocrx_word' id='word_1_173' title='bbox 1249 2163 1417 2200; x_wconf 81' lang='lat' dir='ltr'>summo,</span> 
     </span>
    </p>

    <p class='ocr_par' dir='ltr' id='par_1_15' title="bbox 251 2213 1398 2474">
     <span class='ocr_line' id='line_1_30' title="bbox 251 2213 1361 2270; baseline 0.005 -17"><span class='ocrx_word' id='word_1_174' title='bbox 251 2213 343 2256; x_wconf 78' lang='lat'>345.</span> <span class='ocrx_word' id='word_1_175' title='bbox 361 2215 448 2255; x_wconf 78' lang='lat' dir='ltr'>&#39;Nec</span> <span class='ocrx_word' id='word_1_176' title='bbox 477 2217 535 2256; x_wconf 88' lang='lat' dir='ltr'>sic</span> <span class='ocrx_word' id='word_1_177' title='bbox 566 2218 711 2257; x_wconf 81' lang='lat' dir='ltr'>divinis</span> <span class='ocrx_word' id='word_1_178' title='bbox 741 2218 922 2270; x_wconf 85' lang='lat' dir='ltr'>linguam</span> <span class='ocrx_word' id='word_1_179' title='bbox 950 2219 1147 2258; x_wconf 86' lang='lat' dir='ltr'>retineret</span> <span class='ocrx_word' id='word_1_180' title='bbox 1173 2219 1221 2257; x_wconf 89' lang='lat' dir='ltr'>ab</span> <span class='ocrx_word' id='word_1_181' title='bbox 1253 2219 1361 2269; x_wconf 85' lang='lat' dir='ltr'>odis3</span> 
     </span>
     <span class='ocr_line' id='line_1_31' title="bbox 362 2283 1398 2339; baseline 0.002 -15"><span class='ocrx_word' id='word_1_182' title='bbox 362 2283 686 2338; x_wconf 84' lang='lat' dir='ltr'>Exemplumque</span> <span class='ocrx_word' id='word_1_183' title='bbox 717 2287 799 2326; x_wconf 87' lang='lat' dir='ltr'>suis</span> <span class='ocrx_word' id='word_1_184' title='bbox 831 2287 870 2326; x_wconf 94' lang='lat' dir='ltr'>in</span> <span class='ocrx_word' id='word_1_185' title='bbox 901 2301 945 2326; x_wconf 88' lang='lat' dir='ltr'>se</span> <span class='ocrx_word' id='word_1_186' title='bbox 976 2287 1211 2339; x_wconf 86' lang='lat' dir='ltr'>praenobile</span> <span class='ocrx_word' id='word_1_187' title='bbox 1243 2287 1398 2327; x_wconf 83' lang='lat' dir='ltr'>cunctis</span> 
     </span>
     <span class='ocr_line' id='line_1_32' title="bbox 367 2353 1383 2408; baseline 0.003 -16"><span class='ocrx_word' id='word_1_188' title='bbox 367 2353 587 2406; x_wconf 89' lang='lat' dir='ltr'>Praeponit</span> <span class='ocrx_word' id='word_1_189' title='bbox 617 2355 736 2394; x_wconf 82' lang='lat' dir='ltr'>sociis</span> <span class='ocrx_word' id='word_1_190' title='bbox 762 2357 847 2408; x_wconf 87' lang='lat' dir='ltr'>jam</span> <span class='ocrx_word' id='word_1_191' title='bbox 877 2356 1144 2407; x_wconf 82' lang='lat' dir='ltr'>cunctigenae</span> <span class='ocrx_word' id='word_1_192' title='bbox 1174 2355 1383 2404; x_wconf 77' lang='lat' dir='ltr'>bonitatis3</span> 
     </span>
     <span class='ocr_line' id='line_1_33' title="bbox 358 2421 1253 2474; baseline 0.004 -14"><span class='ocrx_word' id='word_1_193' title='bbox 358 2421 494 2474; x_wconf 87' lang='lat' dir='ltr'>Ipsius</span> <span class='ocrx_word' id='word_1_194' title='bbox 525 2422 669 2461; x_wconf 84' lang='lat' dir='ltr'>faeiem</span> <span class='ocrx_word' id='word_1_195' title='bbox 700 2424 823 2464; x_wconf 82' lang='lat' dir='ltr'>niveo</span> <span class='ocrx_word' id='word_1_196' title='bbox 854 2425 1030 2464; x_wconf 87' lang='lat' dir='ltr'>candore</span> <span class='ocrx_word' id='word_1_197' title='bbox 1058 2425 1253 2464; x_wconf 88' lang='lat' dir='ltr'>nitentem</span> 
     </span>
    </p>
   </div>
   <div class='ocr_carea' id='block_1_3' title="bbox 251 2525 483 2532">
    <p class='ocr_par' dir='ltr' id='par_1_16' title="bbox 251 2525 483 2532">
     <span class='ocr_line' id='line_1_34' title="bbox 251 2525 483 2532; baseline 0 407"><span class='ocrx_word' id='word_1_198' title='bbox 251 2525 483 2532; x_wconf 95' lang='lat' dir='ltr'> </span> 
     </span>
    </p>
   </div>
   <div class='ocr_carea' id='block_1_4' title="bbox 278 2568 1603 2697">
    <p class='ocr_par' dir='ltr' id='par_1_17' title="bbox 278 2568 1603 2697">
     <span class='ocr_line' id='line_1_35' title="bbox 278 2568 1513 2604; baseline 0.001 -8"><span class='ocrx_word' id='word_1_199' title='bbox 278 2568 924 2604; x_wconf 64' lang='lat' dir='ltr'>317.deaperanae‚M.;inP.1s1da=</span> <span class='ocrx_word' id='word_1_200' title='bbox 945 2580 957 2596; x_wconf 66' lang='grc' dir='ltr'><strong><em>κ</em></strong></span> <span class='ocrx_word' id='word_1_201' title='bbox 977 2570 1073 2597; x_wconf 69' lang='lat' dir='ltr'>radin.</span> <span class='ocrx_word' id='word_1_202' title='bbox 1111 2571 1172 2598; x_wconf 65' lang='lat'>315².</span> <span class='ocrx_word' id='word_1_203' title='bbox 1195 2579 1361 2604; x_wconf 77' lang='lat' dir='ltr'>munere,</span> <span class='ocrx_word' id='word_1_204' title='bbox 1385 2569 1422 2597; x_wconf 83' lang='grc' dir='ltr'>Μ.</span> <span class='ocrx_word' id='word_1_205' title='bbox 1437 2580 1463 2598; x_wconf 74' lang='grc' dir='ltr'>ιν.</span> <span class='ocrx_word' id='word_1_206' title='bbox 1482 2571 1513 2598; x_wconf 82' lang='grc' dir='ltr'>Ρ.</span> 
     </span>
     <span class='ocr_line' id='line_1_36' title="bbox 358 2614 1603 2654; baseline 0 -12"><span class='ocrx_word' id='word_1_207' title='bbox 358 2615 419 2642; x_wconf 69' lang='lat'>320.</span> <span class='ocrx_word' id='word_1_208' title='bbox 440 2614 538 2642; x_wconf 78' lang='lat' dir='ltr'>Quin</span> <span class='ocrx_word' id='word_1_209' title='bbox 559 2617 687 2644; x_wconf 66' lang='lat' dir='ltr'>visitem.</span> <span class='ocrx_word' id='word_1_210' title='bbox 701 2638 725 2644; x_wconf 91' lang='lat'>..</span> <span class='ocrx_word' id='word_1_211' title='bbox 749 2617 898 2652; x_wconf 76' lang='lat' dir='ltr'>templum,</span> <span class='ocrx_word' id='word_1_212' title='bbox 917 2616 948 2643; x_wconf 88' lang='lat' dir='ltr'>C.</span> <span class='ocrx_word' id='word_1_213' title='bbox 970 2625 999 2643; x_wconf 87' lang='lat' dir='ltr'>u.</span> <span class='ocrx_word' id='word_1_214' title='bbox 1019 2616 1048 2643; x_wconf 89' lang='lat' dir='ltr'>S.</span> <span class='ocrx_word' id='word_1_215' title='bbox 1072 2616 1133 2643; x_wconf 78' lang='lat'>330.</span> <span class='ocrx_word' id='word_1_216' title='bbox 1158 2616 1246 2650; x_wconf 79' lang='lat' dir='ltr'>dign</span> <span class='ocrx_word' id='word_1_217' title='bbox 1259 2625 1315 2651; x_wconf 68' lang='lat' dir='ltr'>un,</span> <span class='ocrx_word' id='word_1_218' title='bbox 1338 2616 1394 2654; x_wconf 80' lang='lat' dir='ltr'>M.;</span> <span class='ocrx_word' id='word_1_219' title='bbox 1417 2616 1448 2645; x_wconf 80' lang='grc' dir='ltr'>Ρ.</span> <span class='ocrx_word' id='word_1_220' title='bbox 1469 2617 1603 2653; x_wconf 74' lang='lat' dir='ltr'>eon-lgm</span> 
     </span>
     <span class='ocr_line' id='line_1_37' title="bbox 366 2661 552 2697; baseline 0.022 -12"><span class='ocrx_word' id='word_1_221' title='bbox 366 2663 393 2686; x_wconf 76' lang='lat' dir='ltr'>in</span> <span class='ocrx_word' id='word_1_222' title='bbox 418 2661 552 2697; x_wconf 77' lang='lat' dir='ltr'>dignis.</span> 
     </span>
    </p>
   </div>
  </div>
 </body>
</html>
