<?xml version="1.0" encoding="UTF-8"?>
<!DOCTYPE html PUBLIC "-//W3C//DTD XHTML 1.0 Transitional//EN"
    "http://www.w3.org/TR/xhtml1/DTD/xhtml1-transitional.dtd">
<html xmlns="http://www.w3.org/1999/xhtml" xml:lang="en" lang="en">
 <head>
  <title>
</title>
<meta http-equiv="Content-Type" content="text/html;charset=utf-8" />
  <meta name='ocr-system' content='tesseract 3.04.00' />
  <meta name='ocr-capabilities' content='ocr_page ocr_carea ocr_par ocr_line ocrx_word'/>
</head>
<body>
  <div class='ocr_page' id='page_1' title='image "./diewerke00hrotuoft_0109.png"; bbox 0 0 1702 2939; ppageno 0'>
   <div class='ocr_carea' id='block_1_1' title="bbox 607 243 889 285">
    <p class='ocr_par' dir='ltr' id='par_1_1' title="bbox 607 243 889 285">
     <span class='ocr_line' id='line_1_1' title="bbox 607 243 889 285; baseline 0 -10"><span class='ocrx_word' id='word_1_1' title='bbox 607 243 889 285; x_wconf 58' lang='lat'>—31...</span> 
     </span>
    </p>
   </div>
   <div class='ocr_carea' id='block_1_2' title="bbox 72 358 1397 2485">
    <p class='ocr_par' dir='ltr' id='par_1_2' title="bbox 187 358 1290 484">
     <span class='ocr_line' id='line_1_2' title="bbox 190 358 1215 416; baseline -0.006 -12"><span class='ocrx_word' id='word_1_2' title='bbox 190 362 308 404; x_wconf 81' lang='lat' dir='ltr'>Circa</span> <span class='ocrx_word' id='word_1_3' title='bbox 337 362 590 416; x_wconf 81' lang='lat' dir='ltr'>praeclaram</span> <span class='ocrx_word' id='word_1_4' title='bbox 620 360 848 412; x_wconf 82' lang='lat' dir='ltr'>gaudentes</span> <span class='ocrx_word' id='word_1_5' title='bbox 879 363 1000 412; x_wconf 86' lang='lat' dir='ltr'>atque</span> <span class='ocrx_word' id='word_1_6' title='bbox 1030 358 1215 398; x_wconf 81' lang='lat' dir='ltr'>Mariam.</span> 
     </span>
     <span class='ocr_line' id='line_1_3' title="bbox 187 428 1290 484; baseline -0.005 -13"><span class='ocrx_word' id='word_1_7' title='bbox 187 432 320 478; x_wconf 75' lang='lat' dir='ltr'>Quam</span> <span class='ocrx_word' id='word_1_8' title='bbox 349 444 471 484; x_wconf 87' lang='lat' dir='ltr'>super</span> <span class='ocrx_word' id='word_1_9' title='bbox 500 430 660 469; x_wconf 83' lang='lat' dir='ltr'>insolito</span> <span class='ocrx_word' id='word_1_10' title='bbox 689 429 939 482; x_wconf 62' lang='lat' dir='ltr'>pavitantem</span> <span class='ocrx_word' id='word_1_11' title='bbox 969 428 1144 480; x_wconf 76' lang='lat' dir='ltr'>deliique</span> <span class='ocrx_word' id='word_1_12' title='bbox 1174 428 1290 479; x_wconf 84' lang='lat' dir='ltr'>signo</span> 
     </span>
    </p>

    <p class='ocr_par' dir='ltr' id='par_1_3' title="bbox 76 495 1371 759">
     <span class='ocr_line' id='line_1_4' title="bbox 76 495 1214 547; baseline -0.004 -7"><span class='ocrx_word' id='word_1_13' title='bbox 76 498 166 540; x_wconf 82' lang='lat'>735.</span> <span class='ocrx_word' id='word_1_14' title='bbox 183 500 350 540; x_wconf 84' lang='lat' dir='ltr'>Laetius</span> <span class='ocrx_word' id='word_1_15' title='bbox 381 500 561 547; x_wconf 75' lang='lat' dir='ltr'><strong>intuitus,</strong></span> <span class='ocrx_word' id='word_1_16' title='bbox 593 499 724 538; x_wconf 79' lang='lat' dir='ltr'>fertur</span> <span class='ocrx_word' id='word_1_17' title='bbox 753 499 810 537; x_wconf 85' lang='lat' dir='ltr'>sio</span> <span class='ocrx_word' id='word_1_18' title='bbox 841 498 976 536; x_wconf 85' lang='lat' dir='ltr'>dicere</span> <span class='ocrx_word' id='word_1_19' title='bbox 1007 495 1214 537; x_wconf 87' lang='lat' dir='ltr'>Christus:</span> 
     </span>
     <span class='ocr_line' id='line_1_5' title="bbox 189 566 1371 620; baseline -0.003 -11"><span class='ocrx_word' id='word_1_20' title='bbox 189 569 305 619; x_wconf 85' lang='lat' dir='ltr'>„Non</span> <span class='ocrx_word' id='word_1_21' title='bbox 333 578 386 613; x_wconf 79' lang='lat' dir='ltr'>te,</span> <span class='ocrx_word' id='word_1_22' title='bbox 417 569 559 620; x_wconf 77' lang='lat' dir='ltr'>Virgo,</span> <span class='ocrx_word' id='word_1_23' title='bbox 590 580 702 618; x_wconf 77' lang='lat' dir='ltr'>rogo,</span> <span class='ocrx_word' id='word_1_24' title='bbox 733 567 902 619; x_wconf 88' lang='lat' dir='ltr'>pollens,</span> <span class='ocrx_word' id='word_1_25' title='bbox 934 566 1115 617; x_wconf 75' lang='lat' dir='ltr'>genitrix</span> <span class='ocrx_word' id='word_1_26' title='bbox 1144 578 1234 604; x_wconf 80' lang='lat' dir='ltr'>inea</span> <span class='ocrx_word' id='word_1_27' title='bbox 1265 578 1371 613; x_wconf 85' lang='lat' dir='ltr'>cara,</span> 
     </span>
     <span class='ocr_line' id='line_1_6' title="bbox 187 635 1163 689; baseline -0.006 -11"><span class='ocrx_word' id='word_1_28' title='bbox 187 638 455 687; x_wconf 85' lang='lat' dir='ltr'>„Permovcat</span> <span class='ocrx_word' id='word_1_29' title='bbox 485 637 591 689; x_wconf 79' lang='lat' dir='ltr'>signi</span> <span class='ocrx_word' id='word_1_30' title='bbox 620 637 778 676; x_wconf 80' lang='lat' dir='ltr'>novitas</span> <span class='ocrx_word' id='word_1_31' title='bbox 810 635 1028 674; x_wconf 77' lang='lat' dir='ltr'>carnaliter</span> <span class='ocrx_word' id='word_1_32' title='bbox 1058 635 1163 683; x_wconf 82' lang='lat' dir='ltr'>alini,</span> 
     </span>
     <span class='ocr_line' id='line_1_7' title="bbox 188 704 1144 759; baseline -0.005 -12"><span class='ocrx_word' id='word_1_33' title='bbox 188 706 408 759; x_wconf 84' lang='lat' dir='ltr'>„Obsequii</span> <span class='ocrx_word' id='word_1_34' title='bbox 439 707 524 745; x_wconf 83' lang='lat' dir='ltr'>sola</span> <span class='ocrx_word' id='word_1_35' title='bbox 553 706 723 744; x_wconf 77' lang='lat' dir='ltr'>veniunt</span> <span class='ocrx_word' id='word_1_36' title='bbox 750 704 853 743; x_wconf 86' lang='lat' dir='ltr'>istae</span> <span class='ocrx_word' id='word_1_37' title='bbox 885 704 980 756; x_wconf 84' lang='lat' dir='ltr'>quia</span> <span class='ocrx_word' id='word_1_38' title='bbox 1011 717 1144 752; x_wconf 79' lang='lat' dir='ltr'>causa,</span> 
     </span>
    </p>

    <p class='ocr_par' dir='ltr' id='par_1_4' title="bbox 187 773 1397 828">
     <span class='ocr_line' id='line_1_8' title="bbox 187 773 1397 828; baseline -0.004 -12"><span class='ocrx_word' id='word_1_39' title='bbox 187 776 302 824; x_wconf 84' lang='lat' dir='ltr'>„Non</span> <span class='ocrx_word' id='word_1_40' title='bbox 333 776 440 828; x_wconf 87' lang='lat' dir='ltr'>quod</span> <span class='ocrx_word' id='word_1_41' title='bbox 469 778 509 814; x_wconf 90' lang='lat' dir='ltr'>te</span> <span class='ocrx_word' id='word_1_42' title='bbox 538 775 705 822; x_wconf 74' lang='lat' dir='ltr'>vellent,</span> <span class='ocrx_word' id='word_1_43' title='bbox 735 773 804 813; x_wconf 87' lang='lat' dir='ltr'>vel</span> <span class='ocrx_word' id='word_1_44' title='bbox 835 773 969 811; x_wconf 82' lang='lat' dir='ltr'>saltim</span> <span class='ocrx_word' id='word_1_45' title='bbox 1000 773 1164 812; x_wconf 87' lang='lat' dir='ltr'>laedere</span> <span class='ocrx_word' id='word_1_46' title='bbox 1195 777 1397 825; x_wconf 88' lang='lat' dir='ltr'>possent.“</span> 
     </span>
    </p>

    <p class='ocr_par' dir='ltr' id='par_1_5' title="bbox 76 842 1262 1174">
     <span class='ocr_line' id='line_1_9' title="bbox 76 842 1209 898; baseline -0.004 -14"><span class='ocrx_word' id='word_1_47' title='bbox 76 843 166 884; x_wconf 77' lang='lat'>740.</span> <span class='ocrx_word' id='word_1_48' title='bbox 183 844 259 884; x_wconf 87' lang='lat' dir='ltr'>His</span> <span class='ocrx_word' id='word_1_49' title='bbox 290 858 448 898; x_wconf 82' lang='lat' dir='ltr'>quoque</span> <span class='ocrx_word' id='word_1_50' title='bbox 480 844 668 883; x_wconf 75' lang='lat' dir='ltr'>discessit</span> <span class='ocrx_word' id='word_1_51' title='bbox 697 842 813 882; x_wconf 81' lang='lat' dir='ltr'>dictis</span> <span class='ocrx_word' id='word_1_52' title='bbox 841 842 1033 893; x_wconf 79' lang='lat' dir='ltr'>angustia</span> <span class='ocrx_word' id='word_1_53' title='bbox 1064 842 1209 889; x_wconf 81' lang='lat' dir='ltr'>cordis,</span> 
     </span>
     <span class='ocr_line' id='line_1_10' title="bbox 184 911 1184 965; baseline -0.005 -11"><span class='ocrx_word' id='word_1_54' title='bbox 184 913 242 954; x_wconf 87' lang='lat' dir='ltr'>At</span> <span class='ocrx_word' id='word_1_55' title='bbox 270 927 369 953; x_wconf 75' lang='lat' dir='ltr'>vero</span> <span class='ocrx_word' id='word_1_56' title='bbox 401 914 542 953; x_wconf 86' lang='lat' dir='ltr'>beluae</span> <span class='ocrx_word' id='word_1_57' title='bbox 573 912 875 965; x_wconf 83' lang='lat' dir='ltr'>praecedebant</span> <span class='ocrx_word' id='word_1_58' title='bbox 906 913 1008 951; x_wconf 83' lang='lat' dir='ltr'>bene</span> <span class='ocrx_word' id='word_1_59' title='bbox 1038 911 1184 959; x_wconf 86' lang='lat' dir='ltr'>laetae,</span> 
     </span>
     <span class='ocr_line' id='line_1_11' title="bbox 185 980 1247 1033; baseline -0.004 -11"><span class='ocrx_word' id='word_1_60' title='bbox 185 982 510 1022; x_wconf 83' lang='lat' dir='ltr'>Demonstrando</span> <span class='ocrx_word' id='word_1_61' title='bbox 540 982 649 1021; x_wconf 76' lang='lat' dir='ltr'>viam</span> <span class='ocrx_word' id='word_1_62' title='bbox 679 994 752 1033; x_wconf 89' lang='lat' dir='ltr'>per</span> <span class='ocrx_word' id='word_1_63' title='bbox 785 980 937 1019; x_wconf 75' lang='lat' dir='ltr'>deserti</span> <span class='ocrx_word' id='word_1_64' title='bbox 964 981 1052 1019; x_wconf 90' lang='lat' dir='ltr'>loca</span> <span class='ocrx_word' id='word_1_65' title='bbox 1082 985 1247 1019; x_wconf 83' lang='lat' dir='ltr'>rectam.</span> 
     </span>
     <span class='ocr_line' id='line_1_12' title="bbox 189 1049 1262 1093; baseline -0.004 -2"><span class='ocrx_word' id='word_1_66' title='bbox 189 1050 272 1091; x_wconf 87' lang='lat' dir='ltr'>Sed</span> <span class='ocrx_word' id='word_1_67' title='bbox 302 1065 377 1091; x_wconf 84' lang='lat' dir='ltr'>nec</span> <span class='ocrx_word' id='word_1_68' title='bbox 406 1051 614 1091; x_wconf 77' lang='lat' dir='ltr'>nocturnis</span> <span class='ocrx_word' id='word_1_69' title='bbox 646 1052 892 1090; x_wconf 70' lang='lat' dir='ltr'>discesserat</span> <span class='ocrx_word' id='word_1_70' title='bbox 921 1049 1006 1088; x_wconf 88' lang='lat' dir='ltr'>ulla</span> <span class='ocrx_word' id='word_1_71' title='bbox 1036 1050 1110 1088; x_wconf 91' lang='lat' dir='ltr'>sub</span> <span class='ocrx_word' id='word_1_72' title='bbox 1142 1049 1262 1093; x_wconf 90' lang='lat' dir='ltr'>horis,</span> 
     </span>
     <span class='ocr_line' id='line_1_13' title="bbox 195 1118 1153 1174; baseline -0.003 -15"><span class='ocrx_word' id='word_1_73' title='bbox 195 1119 276 1160; x_wconf 87' lang='lat' dir='ltr'>Sed</span> <span class='ocrx_word' id='word_1_74' title='bbox 308 1120 461 1173; x_wconf 82' lang='lat' dir='ltr'>Joseph</span> <span class='ocrx_word' id='word_1_75' title='bbox 490 1120 628 1174; x_wconf 91' lang='lat' dir='ltr'>pecori</span> <span class='ocrx_word' id='word_1_76' title='bbox 659 1119 835 1159; x_wconf 76' lang='lat' dir='ltr'>sociatae</span> <span class='ocrx_word' id='word_1_77' title='bbox 865 1123 1002 1158; x_wconf 82' lang='lat' dir='ltr'>mente</span> <span class='ocrx_word' id='word_1_78' title='bbox 1032 1118 1153 1166; x_wconf 87' lang='lat' dir='ltr'>fideli,</span> 
     </span>
    </p>

    <p class='ocr_par' dir='ltr' id='par_1_6' title="bbox 80 1187 936 1240">
     <span class='ocr_line' id='line_1_14' title="bbox 80 1187 936 1240; baseline 0 -13"><span class='ocrx_word' id='word_1_79' title='bbox 80 1187 174 1228; x_wconf 77' lang='lat'>745.</span> <span class='ocrx_word' id='word_1_80' title='bbox 193 1188 328 1229; x_wconf 87' lang='lat' dir='ltr'>Oblita</span> <span class='ocrx_word' id='word_1_81' title='bbox 357 1190 470 1229; x_wconf 84' lang='lat' dir='ltr'>rabie</span> <span class='ocrx_word' id='word_1_82' title='bbox 499 1189 756 1240; x_wconf 81' lang='lat' dir='ltr'>naturalique</span> <span class='ocrx_word' id='word_1_83' title='bbox 786 1190 936 1235; x_wconf 88' lang='lat' dir='ltr'>furore,</span> 
     </span>
    </p>

    <p class='ocr_par' dir='ltr' id='par_1_7' title="bbox 186 1255 1150 1380">
     <span class='ocr_line' id='line_1_15' title="bbox 188 1255 1150 1310; baseline -0.003 -13"><span class='ocrx_word' id='word_1_84' title='bbox 188 1257 386 1298; x_wconf 83' lang='lat' dir='ltr'>Pacificae</span> <span class='ocrx_word' id='word_1_85' title='bbox 416 1258 571 1297; x_wconf 87' lang='lat' dir='ltr'>modice</span> <span class='ocrx_word' id='word_1_86' title='bbox 602 1259 822 1310; x_wconf 76' lang='lat' dir='ltr'>gustabant</span> <span class='ocrx_word' id='word_1_87' title='bbox 850 1268 1003 1310; x_wconf 83' lang='lat' dir='ltr'>pascua</span> <span class='ocrx_word' id='word_1_88' title='bbox 1032 1255 1150 1295; x_wconf 86' lang='lat' dir='ltr'>foeni.</span> 
     </span>
     <span class='ocr_line' id='line_1_16' title="bbox 186 1325 1128 1380; baseline -0.004 -14"><span class='ocrx_word' id='word_1_89' title='bbox 186 1326 302 1367; x_wconf 82' lang='lat' dir='ltr'>Inter</span> <span class='ocrx_word' id='word_1_90' title='bbox 332 1341 431 1380; x_wconf 85' lang='lat' dir='ltr'>quos</span> <span class='ocrx_word' id='word_1_91' title='bbox 463 1341 563 1379; x_wconf 84' lang='lat' dir='ltr'>ergo</span> <span class='ocrx_word' id='word_1_92' title='bbox 593 1327 729 1366; x_wconf 86' lang='lat' dir='ltr'>fuerat</span> <span class='ocrx_word' id='word_1_93' title='bbox 759 1325 973 1365; x_wconf 76' lang='lat' dir='ltr'>concordia</span> <span class='ocrx_word' id='word_1_94' title='bbox 1002 1326 1128 1373; x_wconf 85' lang='lat' dir='ltr'>tanta,</span> 
     </span>
    </p>

    <p class='ocr_par' dir='ltr' id='par_1_8' title="bbox 184 1392 1229 1505">
     <span class='ocr_line' id='line_1_17' title="bbox 185 1392 1229 1449; baseline -0.005 -13"><span class='ocrx_word' id='word_1_95' title='bbox 185 1395 241 1437; x_wconf 74' lang='lat' dir='ltr'>Ut</span> <span class='ocrx_word' id='word_1_96' title='bbox 271 1397 473 1448; x_wconf 86' lang='lat' dir='ltr'>quondam</span> <span class='ocrx_word' id='word_1_97' title='bbox 488 1396 616 1435; x_wconf 84' lang='lat' dir='ltr'>timidi</span> <span class='ocrx_word' id='word_1_98' title='bbox 639 1397 818 1449; x_wconf 75' lang='lat' dir='ltr'>junxere</span> <span class='ocrx_word' id='word_1_99' title='bbox 848 1394 954 1447; x_wconf 82' lang='lat' dir='ltr'>lupis</span> <span class='ocrx_word' id='word_1_100' title='bbox 983 1394 1091 1432; x_wconf 89' lang='lat' dir='ltr'>latus</span> <span class='ocrx_word' id='word_1_101' title='bbox 1122 1392 1229 1445; x_wconf 84' lang='lat' dir='ltr'>agni,</span> 
     </span>
     <span class='ocr_line' id='line_1_18' title="bbox 184 1462 1194 1505; baseline -0.005 0"><span class='ocrx_word' id='word_1_102' title='bbox 184 1464 238 1505; x_wconf 78' lang='lat' dir='ltr'>Et</span> <span class='ocrx_word' id='word_1_103' title='bbox 266 1466 436 1505; x_wconf 69' lang='lat' dir='ltr'>bovibus</span> <span class='ocrx_word' id='word_1_104' title='bbox 466 1465 582 1504; x_wconf 77' lang='lat' dir='ltr'>mites</span> <span class='ocrx_word' id='word_1_105' title='bbox 613 1466 717 1504; x_wconf 88' lang='lat' dir='ltr'>bene</span> <span class='ocrx_word' id='word_1_106' title='bbox 749 1476 1012 1503; x_wconf 85' lang='lat' dir='ltr'>conmansere</span> <span class='ocrx_word' id='word_1_107' title='bbox 1042 1462 1194 1501; x_wconf 90' lang='lat' dir='ltr'>leones.</span> 
     </span>
    </p>

    <p class='ocr_par' dir='ltr' id='par_1_9' title="bbox 75 1532 1287 1721">
     <span class='ocr_line' id='line_1_19' title="bbox 75 1532 1225 1586; baseline -0.003 -12"><span class='ocrx_word' id='word_1_108' title='bbox 75 1532 168 1574; x_wconf 79' lang='grc'><strong>750.</strong></span> <span class='ocrx_word' id='word_1_109' title='bbox 187 1533 269 1574; x_wconf 87' lang='lat' dir='ltr'>Sed</span> <span class='ocrx_word' id='word_1_110' title='bbox 299 1548 379 1574; x_wconf 90' lang='lat' dir='ltr'>non</span> <span class='ocrx_word' id='word_1_111' title='bbox 409 1534 606 1583; x_wconf 84' lang='lat' dir='ltr'>inmerito,</span> <span class='ocrx_word' id='word_1_112' title='bbox 638 1534 842 1573; x_wconf 84' lang='lat' dir='ltr'>coelorum</span> <span class='ocrx_word' id='word_1_113' title='bbox 870 1545 954 1586; x_wconf 79' lang='lat' dir='ltr'>pax</span> <span class='ocrx_word' id='word_1_114' title='bbox 984 1532 1077 1584; x_wconf 87' lang='lat' dir='ltr'>quia</span> <span class='ocrx_word' id='word_1_115' title='bbox 1105 1544 1225 1571; x_wconf 86' lang='lat' dir='ltr'>vera:</span> 
     </span>
     <span class='ocr_line' id='line_1_20' title="bbox 191 1600 1287 1654; baseline -0.003 -12"><span class='ocrx_word' id='word_1_116' title='bbox 191 1602 281 1649; x_wconf 82' lang='lat' dir='ltr'>Quo</span> <span class='ocrx_word' id='word_1_117' title='bbox 312 1603 420 1654; x_wconf 86' lang='lat' dir='ltr'>regit</span> <span class='ocrx_word' id='word_1_118' title='bbox 447 1603 685 1650; x_wconf 80' lang='lat' dir='ltr'>inmensum,</span> <span class='ocrx_word' id='word_1_119' title='bbox 716 1602 893 1642; x_wconf 75' lang='lat' dir='ltr'>firmavit</span> <span class='ocrx_word' id='word_1_120' title='bbox 921 1601 1089 1640; x_wconf 85' lang='lat' dir='ltr'>foedere</span> <span class='ocrx_word' id='word_1_121' title='bbox 1119 1600 1287 1648; x_wconf 82' lang='lat' dir='ltr'>eoelum,</span> 
     </span>
     <span class='ocr_line' id='line_1_21' title="bbox 186 1670 1079 1721; baseline -0.003 -10"><span class='ocrx_word' id='word_1_122' title='bbox 186 1670 357 1711; x_wconf 85' lang='lat' dir='ltr'>Illarum</span> <span class='ocrx_word' id='word_1_123' title='bbox 387 1677 556 1721; x_wconf 80' lang='lat' dir='ltr'>mentes,</span> <span class='ocrx_word' id='word_1_124' title='bbox 587 1674 741 1711; x_wconf 86' lang='lat' dir='ltr'>mutato</span> <span class='ocrx_word' id='word_1_125' title='bbox 771 1684 895 1719; x_wconf 89' lang='lat' dir='ltr'>more,</span> <span class='ocrx_word' id='word_1_126' title='bbox 926 1670 1079 1709; x_wconf 89' lang='lat' dir='ltr'>fideles.</span> 
     </span>
    </p>

    <p class='ocr_par' dir='ltr' id='par_1_10' title="bbox 183 1738 1218 1864">
     <span class='ocr_line' id='line_1_22' title="bbox 242 1738 1218 1795; baseline -0.005 -13"><span class='ocrx_word' id='word_1_127' title='bbox 242 1741 341 1782; x_wconf 82' lang='lat' dir='ltr'>Post</span> <span class='ocrx_word' id='word_1_128' title='bbox 370 1741 472 1781; x_wconf 80' lang='lat' dir='ltr'>haee</span> <span class='ocrx_word' id='word_1_129' title='bbox 501 1741 702 1795; x_wconf 73' lang='lat' dir='ltr'>pausavit,</span> <span class='ocrx_word' id='word_1_130' title='bbox 733 1740 857 1779; x_wconf 86' lang='lat' dir='ltr'>radiis</span> <span class='ocrx_word' id='word_1_131' title='bbox 887 1739 1041 1778; x_wconf 83' lang='lat' dir='ltr'>lassata</span> <span class='ocrx_word' id='word_1_132' title='bbox 1072 1738 1218 1778; x_wconf 85' lang='lat' dir='ltr'>caloris</span> 
     </span>
     <span class='ocr_line' id='line_1_23' title="bbox 183 1809 1119 1864; baseline -0.004 -13"><span class='ocrx_word' id='word_1_133' title='bbox 183 1811 357 1860; x_wconf 84' lang='lat' dir='ltr'>Aestivi,</span> <span class='ocrx_word' id='word_1_134' title='bbox 386 1823 481 1850; x_wconf 84' lang='lat' dir='ltr'>cara</span> <span class='ocrx_word' id='word_1_135' title='bbox 510 1811 669 1864; x_wconf 85' lang='lat' dir='ltr'>palmae</span> <span class='ocrx_word' id='word_1_136' title='bbox 699 1809 832 1848; x_wconf 82' lang='lat' dir='ltr'>Maria</span> <span class='ocrx_word' id='word_1_137' title='bbox 861 1809 936 1848; x_wconf 87' lang='lat' dir='ltr'>sub</span> <span class='ocrx_word' id='word_1_138' title='bbox 967 1809 1119 1857; x_wconf 88' lang='lat' dir='ltr'>umbra,</span> 
     </span>
    </p>

    <p class='ocr_par' dir='ltr' id='par_1_11' title="bbox 72 1878 1297 2070">
     <span class='ocr_line' id='line_1_24' title="bbox 72 1878 1114 1932; baseline -0.003 -12"><span class='ocrx_word' id='word_1_139' title='bbox 72 1878 163 1920; x_wconf 77' lang='lat'>755.</span> <span class='ocrx_word' id='word_1_140' title='bbox 181 1880 234 1920; x_wconf 88' lang='lat' dir='ltr'>Et</span> <span class='ocrx_word' id='word_1_141' title='bbox 264 1893 427 1920; x_wconf 88' lang='lat' dir='ltr'>rursum</span> <span class='ocrx_word' id='word_1_142' title='bbox 456 1879 588 1919; x_wconf 88' lang='lat' dir='ltr'>versis</span> <span class='ocrx_word' id='word_1_143' title='bbox 621 1879 740 1918; x_wconf 83' lang='lat' dir='ltr'>elaris</span> <span class='ocrx_word' id='word_1_144' title='bbox 772 1878 934 1932; x_wconf 81' lang='lat' dir='ltr'>aspexit</span> <span class='ocrx_word' id='word_1_145' title='bbox 963 1878 1114 1926; x_wconf 85' lang='lat' dir='ltr'>ocellis,</span> 
     </span>
     <span class='ocr_line' id='line_1_25' title="bbox 183 1947 1297 2002; baseline -0.002 -13"><span class='ocrx_word' id='word_1_146' title='bbox 183 1949 402 1989; x_wconf 83' lang='lat' dir='ltr'>Fructibus</span> <span class='ocrx_word' id='word_1_147' title='bbox 433 1950 538 1988; x_wconf 88' lang='lat' dir='ltr'>hano</span> <span class='ocrx_word' id='word_1_148' title='bbox 568 1949 742 2002; x_wconf 88' lang='lat' dir='ltr'>palmam</span> <span class='ocrx_word' id='word_1_149' title='bbox 770 1947 940 1987; x_wconf 87' lang='lat' dir='ltr'>maturis</span> <span class='ocrx_word' id='word_1_150' title='bbox 971 1960 1062 1986; x_wconf 83' lang='lat' dir='ltr'>esse</span> <span class='ocrx_word' id='word_1_151' title='bbox 1091 1947 1297 1987; x_wconf 87' lang='lat' dir='ltr'>refertam.</span> 
     </span>
     <span class='ocr_line' id='line_1_26' title="bbox 184 2017 1086 2070; baseline -0.002 -13"><span class='ocrx_word' id='word_1_152' title='bbox 184 2017 262 2057; x_wconf 88' lang='lat' dir='ltr'>His</span> <span class='ocrx_word' id='word_1_153' title='bbox 292 2018 392 2057; x_wconf 82' lang='lat' dir='ltr'>visis</span> <span class='ocrx_word' id='word_1_154' title='bbox 421 2018 562 2070; x_wconf 86' lang='lat' dir='ltr'>lingua</span> <span class='ocrx_word' id='word_1_155' title='bbox 591 2017 784 2058; x_wconf 83' lang='lat' dir='ltr'>formavit</span> <span class='ocrx_word' id='word_1_156' title='bbox 812 2017 910 2057; x_wconf 86' lang='lat' dir='ltr'>talia</span> <span class='ocrx_word' id='word_1_157' title='bbox 939 2018 1086 2056; x_wconf 86' lang='lat' dir='ltr'>verba:</span> 
     </span>
    </p>

    <p class='ocr_par' dir='ltr' id='par_1_12' title="bbox 182 2086 1227 2209">
     <span class='ocr_line' id='line_1_27' title="bbox 184 2086 1141 2140; baseline -0.001 -14"><span class='ocrx_word' id='word_1_158' title='bbox 184 2087 333 2137; x_wconf 85' lang='lat' dir='ltr'>„Istius</span> <span class='ocrx_word' id='word_1_159' title='bbox 363 2087 522 2140; x_wconf 83' lang='lat' dir='ltr'>palmae</span> <span class='ocrx_word' id='word_1_160' title='bbox 551 2087 717 2126; x_wconf 85' lang='lat' dir='ltr'>nimium</span> <span class='ocrx_word' id='word_1_161' title='bbox 748 2086 928 2125; x_wconf 80' lang='lat' dir='ltr'>delector</span> <span class='ocrx_word' id='word_1_162' title='bbox 960 2088 1141 2135; x_wconf 86' lang='lat' dir='ltr'>onustae,</span> 
     </span>
     <span class='ocr_line' id='line_1_28' title="bbox 182 2155 1227 2209; baseline 0.001 -14"><span class='ocrx_word' id='word_1_163' title='bbox 182 2155 252 2205; x_wconf 86' lang='lat' dir='ltr'>„Si</span> <span class='ocrx_word' id='word_1_164' title='bbox 278 2156 382 2209; x_wconf 86' lang='lat' dir='ltr'>potis</span> <span class='ocrx_word' id='word_1_165' title='bbox 413 2159 478 2195; x_wconf 87' lang='lat' dir='ltr'>est</span> <span class='ocrx_word' id='word_1_166' title='bbox 506 2155 594 2195; x_wconf 88' lang='lat' dir='ltr'>fieri</span> <span class='ocrx_word' id='word_1_167' title='bbox 624 2156 675 2195; x_wconf 91' lang='lat' dir='ltr'>de</span> <span class='ocrx_word' id='word_1_168' title='bbox 705 2155 841 2194; x_wconf 78' lang='lat' dir='ltr'>fructu</span> <span class='ocrx_word' id='word_1_169' title='bbox 872 2155 1045 2207; x_wconf 87' lang='lat' dir='ltr'>denique</span> <span class='ocrx_word' id='word_1_170' title='bbox 1074 2155 1227 2196; x_wconf 83' lang='lat' dir='ltr'>vesci.“</span> 
     </span>
    </p>

    <p class='ocr_par' dir='ltr' id='par_1_13' title="bbox 72 2222 1314 2485">
     <span class='ocr_line' id='line_1_29' title="bbox 72 2222 1301 2277; baseline 0 -14"><span class='ocrx_word' id='word_1_171' title='bbox 72 2222 167 2267; x_wconf 83' lang='lat'><strong>760.</strong></span> <span class='ocrx_word' id='word_1_172' title='bbox 242 2223 316 2264; x_wconf 89' lang='lat' dir='ltr'>Cui</span> <span class='ocrx_word' id='word_1_173' title='bbox 346 2225 481 2264; x_wconf 88' lang='lat' dir='ltr'>senior</span> <span class='ocrx_word' id='word_1_174' title='bbox 510 2225 686 2271; x_wconf 83' lang='lat' dir='ltr'>vetulus,</span> <span class='ocrx_word' id='word_1_175' title='bbox 716 2224 822 2275; x_wconf 85' lang='lat' dir='ltr'>legis</span> <span class='ocrx_word' id='word_1_176' title='bbox 852 2224 1126 2263; x_wconf 85' lang='lat' dir='ltr'>moderamine</span> <span class='ocrx_word' id='word_1_177' title='bbox 1152 2225 1301 2277; x_wconf 88' lang='lat' dir='ltr'>justus,</span> 
     </span>
     <span class='ocr_line' id='line_1_30' title="bbox 182 2293 1260 2346; baseline 0 -13"><span class='ocrx_word' id='word_1_178' title='bbox 182 2293 295 2333; x_wconf 85' lang='lat' dir='ltr'>Haut</span> <span class='ocrx_word' id='word_1_179' title='bbox 323 2294 471 2333; x_wconf 87' lang='lat' dir='ltr'>blande</span> <span class='ocrx_word' id='word_1_180' title='bbox 503 2293 631 2342; x_wconf 86' lang='lat' dir='ltr'>dictis,</span> <span class='ocrx_word' id='word_1_181' title='bbox 663 2293 828 2346; x_wconf 86' lang='lat' dir='ltr'>Joseph,</span> <span class='ocrx_word' id='word_1_182' title='bbox 859 2306 955 2332; x_wconf 83' lang='lat' dir='ltr'>mox</span> <span class='ocrx_word' id='word_1_183' title='bbox 985 2293 1123 2333; x_wconf 82' lang='lat' dir='ltr'>obviat</span> <span class='ocrx_word' id='word_1_184' title='bbox 1150 2293 1260 2333; x_wconf 88' lang='lat' dir='ltr'>istis:</span> 
     </span>
     <span class='ocr_line' id='line_1_31' title="bbox 183 2362 1184 2411; baseline 0.001 -10"><span class='ocrx_word' id='word_1_185' title='bbox 183 2362 298 2411; x_wconf 78' lang='lat' dir='ltr'>„Hoc</span> <span class='ocrx_word' id='word_1_186' title='bbox 326 2363 460 2411; x_wconf 87' lang='lat' dir='ltr'>miror,</span> <span class='ocrx_word' id='word_1_187' title='bbox 491 2365 602 2402; x_wconf 85' lang='lat' dir='ltr'>certe</span> <span class='ocrx_word' id='word_1_188' title='bbox 632 2363 796 2402; x_wconf 88' lang='lat' dir='ltr'>nimium</span> <span class='ocrx_word' id='word_1_189' title='bbox 825 2365 867 2401; x_wconf 89' lang='lat' dir='ltr'>te</span> <span class='ocrx_word' id='word_1_190' title='bbox 898 2362 1034 2402; x_wconf 83' lang='lat' dir='ltr'>dicere</span> <span class='ocrx_word' id='word_1_191' title='bbox 1063 2363 1184 2411; x_wconf 82' lang='lat' dir='ltr'>velle,</span> 
     </span>
     <span class='ocr_line' id='line_1_32' title="bbox 183 2430 1314 2485; baseline 0.002 -14"><span class='ocrx_word' id='word_1_192' title='bbox 183 2430 310 2480; x_wconf 86' lang='lat' dir='ltr'>„Cum</span> <span class='ocrx_word' id='word_1_193' title='bbox 338 2432 482 2472; x_wconf 71' lang='lat' dir='ltr'>videas</span> <span class='ocrx_word' id='word_1_194' title='bbox 511 2445 656 2481; x_wconf 86' lang='lat' dir='ltr'>ramos,</span> <span class='ocrx_word' id='word_1_195' title='bbox 686 2444 834 2484; x_wconf 84' lang='lat' dir='ltr'>magno</span> <span class='ocrx_word' id='word_1_196' title='bbox 864 2431 915 2471; x_wconf 90' lang='lat' dir='ltr'>de</span> <span class='ocrx_word' id='word_1_197' title='bbox 946 2431 1130 2485; x_wconf 86' lang='lat' dir='ltr'>germine</span> <span class='ocrx_word' id='word_1_198' title='bbox 1160 2432 1314 2481; x_wconf 81' lang='lat' dir='ltr'>ductos,</span> 
     </span>
    </p>
   </div>
   <div class='ocr_carea' id='block_1_3' title="bbox 138 2537 226 2540">
    <p class='ocr_par' dir='ltr' id='par_1_14' title="bbox 138 2537 226 2540">
     <span class='ocr_line' id='line_1_33' title="bbox 138 2537 226 2540; baseline 0 0"><span class='ocrx_word' id='word_1_199' title='bbox 138 2537 226 2540; x_wconf 95' lang='lat' dir='ltr'> </span> 
     </span>
    </p>
   </div>
   <div class='ocr_carea' id='block_1_4' title="bbox 228 2537 297 2540">
    <p class='ocr_par' dir='ltr' id='par_1_15' title="bbox 228 2537 297 2540">
     <span class='ocr_line' id='line_1_34' title="bbox 228 2537 297 2540; baseline 0 0"><span class='ocrx_word' id='word_1_200' title='bbox 228 2537 297 2540; x_wconf 95' lang='lat' dir='ltr'> </span> 
     </span>
    </p>
   </div>
   <div class='ocr_carea' id='block_1_5' title="bbox 106 2590 1433 2767">
    <p class='ocr_par' dir='ltr' id='par_1_16' title="bbox 106 2590 1433 2767">
     <span class='ocr_line' id='line_1_35' title="bbox 106 2590 1432 2626; baseline 0.005 -12"><span class='ocrx_word' id='word_1_201' title='bbox 106 2590 163 2617; x_wconf 41' lang='lat' dir='ltr'>Lis,</span> <span class='ocrx_word' id='word_1_202' title='bbox 187 2590 353 2624; x_wconf 61' lang='lat' dir='ltr'>viniani,</span> <span class='ocrx_word' id='word_1_203' title='bbox 383 2590 420 2616; x_wconf 65' lang='lat' dir='ltr'>n.</span> <span class='ocrx_word' id='word_1_204' title='bbox 454 2592 534 2618; x_wconf 68' lang='lat' dir='ltr'>n.1³.</span> <span class='ocrx_word' id='word_1_205' title='bbox 574 2591 632 2620; x_wconf 69' lang='lat'>745.</span> <span class='ocrx_word' id='word_1_206' title='bbox 659 2592 830 2618; x_wconf 76' lang='lat' dir='ltr'>oblitae.</span> <span class='ocrx_word' id='word_1_207' title='bbox 853 2591 883 2618; x_wconf 79' lang='lat' dir='ltr'>C.</span> <span class='ocrx_word' id='word_1_208' title='bbox 905 2601 932 2620; x_wconf 84' lang='lat' dir='ltr'>u.</span> <span class='ocrx_word' id='word_1_209' title='bbox 954 2590 982 2619; x_wconf 78' lang='lat' dir='ltr'>S.</span> <span class='ocrx_word' id='word_1_210' title='bbox 1034 2590 1091 2620; x_wconf 65' lang='lat'>740.</span> <span class='ocrx_word' id='word_1_211' title='bbox 1115 2592 1271 2626; x_wconf 77' lang='lat' dir='ltr'>modici,</span> <span class='ocrx_word' id='word_1_212' title='bbox 1302 2592 1333 2620; x_wconf 87' lang='lat' dir='ltr'>C.</span> <span class='ocrx_word' id='word_1_213' title='bbox 1355 2601 1382 2618; x_wconf 84' lang='lat' dir='ltr'>u.</span> <span class='ocrx_word' id='word_1_214' title='bbox 1403 2591 1432 2620; x_wconf 76' lang='grc'>5.</span> 
     </span>
     <span class='ocr_line' id='line_1_36' title="bbox 190 2636 1432 2673; baseline 0 -11"><span class='ocrx_word' id='word_1_215' title='bbox 190 2636 246 2662; x_wconf 61' lang='lat'>7³7.</span> <span class='ocrx_word' id='word_1_216' title='bbox 273 2639 349 2662; x_wconf 68' lang='lat' dir='ltr'>lule:</span> <span class='ocrx_word' id='word_1_217' title='bbox 369 2645 479 2671; x_wconf 83' lang='lat' dir='ltr'>quas.</span> <span class='ocrx_word' id='word_1_218' title='bbox 504 2638 533 2664; x_wconf 89' lang='lat' dir='ltr'>C.</span> <span class='ocrx_word' id='word_1_219' title='bbox 554 2647 582 2664; x_wconf 89' lang='grc' dir='ltr'>ιι.</span> <span class='ocrx_word' id='word_1_220' title='bbox 604 2638 633 2666; x_wconf 80' lang='lat' dir='ltr'>S.</span> <span class='ocrx_word' id='word_1_221' title='bbox 673 2640 731 2666; x_wconf 76' lang='lat'>751.</span> <span class='ocrx_word' id='word_1_222' title='bbox 753 2638 855 2664; x_wconf 75' lang='lat' dir='ltr'>Quae</span> <span class='ocrx_word' id='word_1_223' title='bbox 884 2640 967 2673; x_wconf 52' lang='lat' dir='ltr'>regit,</span> <span class='ocrx_word' id='word_1_224' title='bbox 994 2639 1024 2666; x_wconf 88' lang='lat' dir='ltr'>C.</span> <span class='ocrx_word' id='word_1_225' title='bbox 1049 2647 1076 2664; x_wconf 87' lang='lat' dir='ltr'>u.</span> <span class='ocrx_word' id='word_1_226' title='bbox 1104 2638 1133 2666; x_wconf 91' lang='lat' dir='ltr'>S.</span> <span class='ocrx_word' id='word_1_227' title='bbox 1174 2640 1232 2666; x_wconf 69' lang='lat'><strong>7:12.</strong></span> <span class='ocrx_word' id='word_1_228' title='bbox 1254 2642 1375 2664; x_wconf 73' lang='lat' dir='ltr'>mutav</span> <span class='ocrx_word' id='word_1_229' title='bbox 1392 2641 1432 2671; x_wconf 62' lang='lat' dir='ltr'>it,</span> 
     </span>
     <span class='ocr_line' id='line_1_37' title="bbox 195 2681 1433 2720; baseline 0.004 -13"><span class='ocrx_word' id='word_1_230' title='bbox 195 2681 225 2708; x_wconf 92' lang='lat' dir='ltr'>C.</span> <span class='ocrx_word' id='word_1_231' title='bbox 256 2690 286 2709; x_wconf 87' lang='lat' dir='ltr'>u.</span> <span class='ocrx_word' id='word_1_232' title='bbox 315 2681 345 2708; x_wconf 89' lang='lat' dir='ltr'>S.</span> <span class='ocrx_word' id='word_1_233' title='bbox 377 2686 506 2718; x_wconf 74' lang='lat' dir='ltr'>mutato,</span> <span class='ocrx_word' id='word_1_234' title='bbox 535 2684 678 2712; x_wconf 64' lang='lat' dir='ltr'>niimlich:</span> <span class='ocrx_word' id='word_1_235' title='bbox 712 2693 745 2710; x_wconf 84' lang='lat' dir='ltr'>eo</span> <span class='ocrx_word' id='word_1_236' title='bbox 776 2686 833 2718; x_wconf 72' lang='lat' dir='ltr'>[sc.</span> <span class='ocrx_word' id='word_1_237' title='bbox 864 2684 998 2720; x_wconf 75' lang='lat' dir='ltr'>foedere)</span> <span class='ocrx_word' id='word_1_238' title='bbox 1026 2685 1141 2711; x_wconf 76' lang='lat' dir='ltr'>inarum</span> <span class='ocrx_word' id='word_1_239' title='bbox 1174 2687 1295 2719; x_wconf 59' lang='lat' dir='ltr'>mentes,</span> <span class='ocrx_word' id='word_1_240' title='bbox 1323 2687 1433 2712; x_wconf 68' lang='lat' dir='ltr'>mutato</span> 
     </span>
     <span class='ocr_line' id='line_1_38' title="bbox 190 2727 1252 2767; baseline 0.005 -14"><span class='ocrx_word' id='word_1_241' title='bbox 190 2735 278 2762; x_wconf 68' lang='lat' dir='ltr'>more,</span> <span class='ocrx_word' id='word_1_242' title='bbox 301 2727 402 2756; x_wconf 75' lang='lat' dir='ltr'>fideles</span> <span class='ocrx_word' id='word_1_243' title='bbox 426 2730 510 2764; x_wconf 73' lang='lat' dir='ltr'>regit,</span> <span class='ocrx_word' id='word_1_244' title='bbox 537 2729 607 2756; x_wconf 78' lang='lat' dir='ltr'>facit</span> <span class='ocrx_word' id='word_1_245' title='bbox 625 2731 695 2758; x_wconf 83' lang='lat' dir='ltr'>oder</span> <span class='ocrx_word' id='word_1_246' title='bbox 714 2734 791 2760; x_wconf 75' lang='lat' dir='ltr'>sunt.</span> <span class='ocrx_word' id='word_1_247' title='bbox 830 2731 889 2758; x_wconf 79' lang='lat'>760.</span> <span class='ocrx_word' id='word_1_248' title='bbox 912 2733 925 2764; x_wconf 60' lang='grc' dir='ltr'>ζ</span> <span class='ocrx_word' id='word_1_249' title='bbox 944 2733 958 2767; x_wconf 78' lang='lat'><em>)</em></span> <span class='ocrx_word' id='word_1_250' title='bbox 977 2730 1031 2765; x_wconf 82' lang='lat' dir='ltr'>Vi,</span> <span class='ocrx_word' id='word_1_251' title='bbox 1054 2731 1096 2766; x_wconf 62' lang='lat' dir='ltr'>C.²</span> <span class='ocrx_word' id='word_1_252' title='bbox 1115 2729 1202 2767; x_wconf 76' lang='lat' dir='ltr'>Qui,</span> <span class='ocrx_word' id='word_1_253' title='bbox 1223 2729 1252 2759; x_wconf 89' lang='lat' dir='ltr'>S.</span> 
     </span>
    </p>
   </div>
  </div>
 </body>
</html>
