1702 2939
801 213 1117 258 -276-

817 331 1131 371 Antiochus.

288 398 367 439 Hic
399 399 484 451 ipsc
516 402 579 438 est
609 399 848 452 imperator,
887 414 1007 451 quein
1050 401 1088 439 in
1130 401 1228 440 solio
1269 399 1519 440 residentem
1558 412 1652 439 con-

288 468 431 520 spicis3
462 469 709 520 praecogita,
742 469 836 520 quid
869 468 1059 519 loquaris.

830 537 1116 589 Sapientia.

284 591 374 631 Hoc
422 593 608 645 prohibet
654 592 805 632 Christi
845 594 1067 642 sententia,
1109 593 1349 646 promittens
1389 592 1505 633 nobis
1546 592 1654 631 insu-

287 661 479 713 perabilis
510 661 734 714 sapientiae
767 662 882 700 dona.

812 730 1134 769 Hadrianus.

288 785 382 825 Huc
414 787 524 835 ades,
557 787 768 826 Antioche.
949 789 952 791 ’

818 844 1127 884 Antiochus,

291 899 462 940 Praesto
494 914 595 949 sum,
627 902 796 941 dominc.

811 958 886 997 Ha
906 959 1137 998 ‹li-ianus.

287 1026 493 1079 Numquid
525 1028 604 1066 hae
633 1030 729 1067 sunt
758 1028 1036 1076 mulierculae,
1068 1039 1168 1079 quas
1201 1025 1416 1065 deferebas
1446 1038 1518 1078 pro
1550 1024 1658 1064 chri-

289 1095 421 1134 stiana
451 1096 677 1147 religione?

814 1153 1120 1193 Antiochus.

290 1208 395 1249 Sunt
423 1210 556 1262 plane.

812 1266 1134 1306 Hadrianus.

289 1335 620 1387 Uniuseujusquc
651 1336 995 1388 pulchritudinem
1019 1337 1273 1389 obstupesco,
1297 1334 1370 1374 sed
1397 1336 1438 1374 et
1467 1333 1660 1374 honesta-

294 1407 375 1443 tem
407 1404 567 1443 habitus
599 1405 698 1443 satis
729 1405 920 1444 admirari
950 1418 1118 1456 nequeo.

830 1473 1134 1512 Antiochus.

291 1530 456 1579 Desine,
482 1544 504 1570 o
534 1531 587 1569 mi
618 1530 765 1579 senior,
783 1530 973 1569 admirari
1001 1533 1042 1569 et
1074 1543 1175 1582 coge
1206 1530 1296 1569 illas
1329 1529 1428 1569 deos
1459 1527 1661 1568 venerari.

817 1598 857 1638 H
872 1611 895 1637 a
905 1599 928 1637 d
942 1612 961 1637 r
973 1599 982 1637 i
994 1611 1017 1637 a
1031 1613 1056 1637 n
1071 1613 1095 1638 u
1109 1612 1138 1637 s.

293 1656 413 1703 Quid,
454 1657 486 1695 si
528 1657 618 1695 illas
659 1656 832 1709 primule
871 1656 1094 1708 aggrediar
1124 1656 1273 1695 blanda
1302 1653 1594 1708 alloquutione,
1625 1652 1660 1692 si

294 1725 402 1764 sorte
434 1725 564 1764 velint
594 1725 742 1764 cedere
755 1726 774 1765 :³

826 1782 863 1822 A
874 1796 898 1821 n
913 1782 949 1822 ti
962 1796 982 1822 o
997 1795 1017 1821 c
1029 1783 1053 1821 h
1066 1796 1091 1821 u
1104 1796 1134 1822 s.

293 1849 443 1889 Melius
484 1853 566 1900 cst3
606 1863 699 1889 nam
740 1851 940 1904 fragilitas
987 1865 1112 1890 sexus
1144 1849 1308 1890 feminei
1338 1849 1496 1889 facilius
1526 1848 1663 1902 potest

295 1919 583 1958 blandimentis
614 1919 770 1958 molliri.

820 1976 1137 2016 Hadrianus.

296 2042 476 2082 Illustris
506 2046 710 2092 matrona,
749 2044 899 2084 blande
940 2048 981 2084 et
1011 2045 1147 2097 quiete
1179 2043 1231 2084 ad
1262 2043 1463 2084 culturam
1494 2042 1663 2083 deorum

296 2116 336 2151 te
368 2112 506 2161 invito,
538 2127 616 2165 quo
648 2116 787 2152 nostra
816 2114 974 2166 perfrui
1005 2114 1135 2166 possis
1166 2112 1353 2152 amicitia.

841 2181 1128 2234 Sapientia.

296 2237 385 2277 Nec
416 2238 455 2277 in
487 2238 647 2278 cultura
689 2239 857 2278 deorum
897 2239 978 2278 tuis
1011 2239 1120 2278 votis
1150 2237 1411 2288 satisfacere,
1450 2249 1528 2277 nec
1567 2235 1662 2276 ami-

298 2307 431 2346 citiam
461 2311 594 2346 teeum
614 2307 663 2359 13)
695 2307 826 2359 gestio
857 2307 970 2347 inire.

819 2374 1141 2415 Hadrianus.

297 2442 444 2481 Adhuc
463 2442 648 2493 mitigato
667 2443 818 2491 furore,
840 2444 953 2483 nulla
975 2444 1014 2483 in
1033 2447 1073 2483 te
1092 2457 1259 2483 moveor
1279 2442 1570 2495 indignatione,
1590 2441 1664 2480 sed

299 2525 372 2564 pro
403 2515 474 2551 tua
504 2511 642 2562 tuique
674 2512 848 2551 filiarum
869 2513 1000 2552 salute
1025 2515 1195 2566 paterno
1216 2511 1265 2565 ¹⁴)
1296 2512 1490 2552 sollicitor
1515 2522 1663 2550 amore.

338 2624 382 2658 13)
402 2626 541 2656 tecum,
569 2622 643 2649 fehlt
665 2624 692 2649 in
718 2623 748 2652 C.
776 2633 804 2652 u.
826 2623 856 2652 S.
898 2624 942 2660 14)
961 2631 1058 2658 nupt.
1087 2626 1264 2659 paterna,
1291 2622 1364 2650 doch
1395 2630 1452 2650 von
1478 2622 1554 2649 alter
1579 2620 1664 2648 Hand

404 2670 509 2703 corrig.
533 2669 562 2695 in
581 2672 756 2704 paterno.
