1702 2939
222 560 316 602 255.

224 902 317 942 260.

229 1241 323 1281 265.

228 1586 321 1627 270.

228 1923 322 1964 275.

230 2261 323 2302 280.

768 228 1052 271 -16-

339 357 595 398 Praestolata
624 370 741 396 sunm
772 356 916 408 gavisa
945 359 1081 396 mente
1109 357 1338 408 patronum.

395 426 560 466 Scilicet
591 426 771 465 attonitis
802 438 920 477 quem
952 438 1042 463 eum
1073 423 1287 476 conspexit
1318 422 1469 471 ocellis,

338 493 441 533 Caro
473 494 707 545 florigerum
737 496 1000 546 percurrerat
1030 493 1148 532 obvia
1178 504 1374 544 campum,

335 562 469 614 Ipsius
501 566 542 601 et
573 563 675 601 eollo
705 576 796 600 sose
828 561 1040 614 suspendit
1071 560 1253 606 amando,

339 631 572 670 Altithrono
604 633 742 681 grates
774 630 982 669 reddendo
1014 629 1188 680 denique
1219 628 1344 667 tales:

340 699 472 746 „Laus
504 700 586 742 tibi.
619 704 854 737 cunctorum
884 697 1055 746 largitor
1086 709 1240 735 summe
1270 697 1477 744 bonorum,

337 767 443 812 „Qui
472 767 567 806 mihi
597 780 676 805 non
707 767 851 804 merito
883 765 1070 803 concedis
1102 764 1253 815 gaudia.
1283 765 1418 803 tanta!

338 835 470 877 ..Ec-ce
501 835 632 873 virum
659 834 866 886 proprium
896 835 1156 885 praesentem
1186 831 1316 870 sentio
1347 831 1518 880 salvum,

337 904 562 955 ..Tempore
594 915 696 953 quae
727 902 849 952 longo
876 902 959 952 jam
990 900 1194 952 permansi
1223 899 1402 947 viduata,

339 971 563 1022 „Quaeque
594 971 651 1008 sui
682 970 844 1015 sterilis,
876 969 1041 1020 concepi
1072 967 1222 1020 gaudia
1251 967 1388 1020 prolis.

340 1039 505 1078 Talibus
536 1039 696 1085 auditis,
728 1037 988 1088 congaudens
1019 1035 1194 1075 concinit
1224 1035 1350 1074 omnis

338 1107 462 1147 Plebs
493 1107 671 1145 hebraea
700 1105 786 1144 Deo
818 1104 959 1143 laudes
991 1116 1080 1142 cum
1110 1106 1275 1155 pectore
1305 1102 1425 1141 laeto.

399 1175 497 1214 Post
529 1175 640 1221 haec,
670 1185 831 1212 noveno
862 1174 1049 1225 percerte
1080 1183 1219 1209 mense
1250 1172 1428 1224 peraeto,

341 1242 467 1281 Venit
497 1254 652 1281 summa
683 1241 781 1288 dics,
813 1240 853 1279 in
884 1253 963 1291 qua
992 1239 1238 1292 praenobilis
1268 1238 1388 1277 Anna

339 1310 564 1362 Progenuit
592 1313 739 1355 natam,
772 1309 926 1347 cunctis
957 1308 1079 1346 seclis
1109 1306 1397 1346 venerandam.

339 1377 518 1430 Postque
550 1378 636 1416 dics
667 1381 755 1416 octo
785 1377 902 1429 primi
931 1388 1085 1414 venere
1115 1375 1248 1414 vocati

340 1446 570 1493 Pontifices,
601 1449 739 1484 tantae
770 1445 886 1483 solito
917 1444 984 1495 qui
1014 1455 1124 1482 more
1154 1442 1317 1495 puellae

341 1516 497 1555 Nomen
531 1517 571 1552 et
599 1515 799 1565 aptarent,
832 1513 959 1564 ipsam
990 1524 1149 1563 quoque
1182 1509 1493 1549 sanctificarent.

339 1585 441 1630 Quis
473 1583 655 1622 Joachim
685 1581 874 1633 preculas
908 1580 1013 1618 fudit
1042 1579 1325 1631 praesentibus
1355 1578 1475 1617 istas:

345 1652 466 1702 „Rex
497 1651 611 1698 coeli,
643 1650 772 1688 stellis
803 1649 912 1687 solus
943 1648 1009 1699 qui
1040 1647 1201 1693 nomina
1230 1646 1357 1699 ponis,

342 1721 490 1770 „Istius
520 1722 687 1758 tenerae
718 1730 863 1756 nomen
895 1716 1065 1767 dignare
1094 1715 1257 1767 puellae

340 1787 547 1838 „Coclitus
576 1786 733 1825 indiciis
763 1798 836 1837 per
867 1787 906 1823 te
937 1786 1164 1822 monstrare
1194 1782 1409 1822 coruscis.“

400 1856 585 1900 Dixerat,
617 1856 657 1892 et
687 1854 817 1892 subito
849 1852 982 1890 sonuit
1011 1864 1094 1890 vox
1125 1851 1240 1890 fortis
1271 1851 1321 1889 ab
1359 1851 1452 1898 alto,

339 1923 553 1969 Mandane,
585 1922 795 1972 egregiam
825 1919 1046 1958 Mariam
1075 1919 1256 1957 vocitare
1286 1919 1474 1971 puellam,

343 1991 518 2031 Stella
546 1989 706 2028 maris
736 1989 876 2039 lingua
907 1988 1013 2039 quod
1044 1989 1238 2025 consonat
1267 1999 1367 2039 ergo
1397 1986 1534 2036 latina;

343 2059 434 2098 Hoc
463 2071 608 2097 nomen
639 2057 783 2096 merito
813 2056 979 2095 sortitur
1010 2061 1150 2095 sancta
1179 2057 1328 2108 puella,

341 2126 419 2166 Est
447 2127 540 2177 quia
570 2126 826 2178 praeclarum
856 2125 979 2172 sidus,
1019 2125 1125 2175 quod
1159 2125 1294 2176 fulget
1319 2124 1361 2164 in
1388 2135 1535 2163 aevum

343 2194 473 2245 Regis
504 2193 660 2232 aeterni
691 2193 801 2231 claro
831 2193 1058 2232 diademate
1088 2192 1249 2233 Christi.

396 2262 495 2301 Post
523 2262 636 2308 haec,
666 2273 862 2299 annorum
892 2264 1000 2300 meta
1029 2264 1230 2313 vergente
1261 2261 1442 2309 duorum,

343 2329 569 2369 Fortunata
599 2341 712 2367 suam
744 2329 838 2367 dum
869 2329 1042 2381 sumpsit
1070 2330 1119 2368 ab
1149 2330 1275 2368 ubere
1304 2331 1451 2378 natam,

342 2397 598 2436 Ablaetando
627 2397 732 2448 piam
764 2397 944 2448 genitrix
974 2397 1024 2436 de
1054 2410 1165 2436 more
1195 2396 1378 2446 Mariam,

346 2463 468 2504 Ocius
500 2464 540 2503 in
571 2465 721 2516 templo
752 2465 859 2504 sistit
889 2477 977 2503 cum
1007 2477 1174 2504 munere
1205 2465 1328 2516 digno

343 2531 492 2584 Ipsam,
523 2544 626 2584 quae
657 2533 852 2585 templum
881 2532 1040 2572 Domini
1070 2533 1145 2573 fuit
1174 2533 1291 2573 immo
1323 2532 1514 2583 futurum,

232 2691 293 2718 ⁴258.
310 2691 475 2725 meritae,
495 2689 574 2729 C-vu.
598 2689 628 2717 S.
649 2690 711 2719 263.
730 2689 863 2726 ΡΙερι,
883 2690 922 2717 Μ.
941 2691 1003 2720 266.
1023 2691 1194 2727 seculis,
1214 2691 1243 2719 S.
1263 2690 1586 2728 278.thuia‚M.u.P.
