1702 2939
621 203 935 246 —319-

196 319 358 360 Averso
391 320 529 372 quidni
560 321 747 360 residens
777 321 818 359 in
854 321 972 360 litore
1004 321 1124 369 Reni,

197 389 286 428 Nee
318 392 414 428 tuno
446 389 589 428 auxilii
619 390 739 428 seivit
769 390 965 428 solamina
997 390 1099 428 tanti

205 458 308 505 Jam,
338 459 559 497 miserante
592 459 690 506 Deo,
722 458 853 497 subito
886 470 984 496 casu
1016 458 1091 496 sibi
1118 457 1251 496 missa.

85 524 178 566 365.
199 526 385 578 Denique
418 528 513 566 (111111
543 540 708 580 pugnae
740 527 868 566 sensit
899 526 1132 565 discrimina
1163 528 1314 573 tantae,

197 595 310 635 Haut
341 597 527 647 gaudens
558 596 812 634 inimieorum
843 595 893 633 de
924 597 1053 634 morte
1093 608 1271 642 suorum,

200 664 282 702 Sed
313 665 404 716 plus
436 666 641 703 tantorum
672 677 860 703 moerens
892 663 942 701 de
974 663 1099 702 caede
1130 663 1323 711 virorum,

201 731 383 785 Sumpsit
413 746 493 772 non
523 733 736 779 modicum,
768 732 937 771 Davidis
968 745 1092 780 more,
1124 732 1361 780 lamentum,

201 802 282 846 Qui
314 815 438 854 super
470 802 648 841 occisum
680 801 808 840 doluit
838 814 982 851 regem
1012 801 1078 852 pie
1110 799 1291 839 Saulum.

84 913 179 955 370.
197 914 276 954 Ast
307 916 375 955 ubi
406 916 584 955 victores
615 915 713 954 laeti
742 928 910 963 1611616,
942 914 1132 953 videntes

197 983 314 1023 Illius
346 985 448 1023 fusis
479 985 639 1022 1111111111
669 983 846 1022 lacrimis
878 983 1163 1030 madefactum,

196 1052 310 1092 Haut
341 1059 480 1105 aptum
510 1055 621 1091 tanto
652 1053 808 1092 luctum
838 1052 982 1090 dixere
1013 1051 1228 1105 triumpho,

200 1120 281 1159 Sed
311 1122 429 1160 reddi
458 1123 599 1172 grates
630 1121 720 1172 regi
752 1121 903 1159 debere
940 1120 1125 1172 perenni,

202 1189 283 1235 Qui
313 1193 410 1229 tune
441 1189 603 1241 impleri
633 1189 730 1228 fecit
760 1189 912 1241 pietate
944 1188 1065 1236 fideli,

84 1256 178 1297 375.
197 1258 315 1303 Quod
346 1255 461 1311 patet
491 1258 532 1296 in
560 1258 662 1297 libro
694 1257 806 1308 regis
838 1257 1035 1309 seriptum
1067 1256 1304 1307 Salomonis,

201 1327 397 1374 Dicentis,
424 1328 581 1379 justum
613 1327 662 1365 de
693 1326 858 1366 tristitia
885 1326 1142 1365 liberandum

202 1395 373 1434 Necnon
404 1395 598 1447 injustum
628 1409 701 1447 pro
729 1396 839 1447 justo
869 1407 966 1434 mox
997 1395 1085 1433 fore
1117 1395 1305 1434 dandum.

201 1463 278 1502 His
310 1468 489 1503 mentem
520 1464 631 1515 regis
665 1464 932 1502 demulcendo
965 1463 1156 1511 suadelis,

205 1531 347 1584 Ipsum
378 1532 585 1571 tristitiam
616 1534 769 1583 cogunt
800 1532 1005 1584 deponere
1035 1534 1202 1581 tantam,

92 1598 185 1640 380.
205 1600 259 1639 Et
288 1602 394 1639 bene
425 1601 584 1640 victrici
614 1600 945 1651 congaudentem
978 1600 1132 1651 legioni

203 1668 256 1708 86
287 1672 380 1721 post
410 1669 518 1708 bella
549 1669 634 1708 suis
665 1669 859 1708 blandum
889 1670 1090 1721 praebere
1121 1668 1327 1708 ministris.

204 1737 285 1782 Qui
314 1749 409 1776 nam
438 1738 635 1776 laetitiam
664 1738 784 1777 vultu
814 1740 1045 1777 monstrans
1076 1738 1340 1787 moderatam,

202 1805 283 1845 Sed
315 1807 419 1845 clam
450 1806 688 1845 subtristem
722 1819 894 1845 servans
925 1806 966 1844 in
997 1807 1120 1855 corde
1153 1806 1346 1856 dolorem,

199 1875 417 1914 Reddebat
447 1877 588 1926 grates
618 1875 696 1914 imo
728 1875 779 1913 do
810 1877 977 1927 pectore
1009 1873 1182 1924 Christo,

85 1940 178 1983 385.
198 1943 290 1983 'Non
321 1943 496 1982 dederat
525 1943 699 1996 propriis
730 1945 863 1996 ipsum
894 1943 988 1996 quia
1017 1945 1116 1983 tune
1151 1943 1323 1983 inimicis

198 2012 411 2060 Praedam,
443 2012 517 2051 sed
548 2012 696 2051 dextra
725 2012 906 2065 protegit
936 2012 1014 2051 rite
1045 2024 1235 2064 superna.

197 2078 335 2132 1psius
367 2081 529 2119 titulum
554 2081 658 2120 tanti
690 2081 926 2133 clarumque
957 2080 1152 2132 triumphi

201 2147 294 2187 Non
327 2149 413 2197 sibi,
446 2149 521 2187 sed
552 2147 703 2187 Christi
733 2149 967 2201 designavit
995 2149 1151 2202 pietati.

198 2260 275 2301 His
304 2262 360 2302 ita
391 2261 574 2314 digestis,
605 2262 806 2302 modic-um
837 2264 998 2315 tempus
1032 2262 1237 2315 requievit

84 2328 178 2370 390.
201 2329 340 2370 Civilis
371 2331 469 2370 belli
498 2331 673 2384 populus
703 2331 923 2370 luctamine
955 2332 1101 2371 lassus.

118 2442 178 2469 357.
200 2441 234 2468 de
255 2442 384 2477 corde,
409 2442 488 2477 Ptz.;
524 2442 637 2469 sowolil
659 2442 699 2470 M.
727 2442 771 2468 als
799 2442 872 2469 ancli
897 2442 928 2468 P.
956 2442 1016 2469 und
1042 2442 1100 2469 alle
1122 2442 1280 2478 Ausgaben
1308 2443 1403 2470 haben
1426 2443 1461 2470 de

201 2489 326 2514 caede.
365 2489 426 2516 358.
449 2489 487 2514 M.
510 2489 588 2515 hatte
618 2497 715 2522 urspr.
738 2497 859 2522 mere,
880 2489 931 2514 das
962 2497 1027 2515 vom
1045 2489 1202 2516 Cori-ector
1224 2493 1295 2515 state
1314 2491 1342 2515 in
1363 2499 1460 2516 more

196 2534 224 2559 ἰιι
256 2542 400 2560 merore
430 2535 572 2569 geiindert
599 2535 718 2569 wur‹le;
749 2534 884 2560 dazselbe
914 2535 951 2560 ist
979 2536 1007 2560 in
1033 2535 1065 2563 P.
1095 2535 1147 2562 der
1167 2536 1240 2562 Fall.
1279 2537 1343 2564 369.
1364 2536 1459 2562 salum

196 2583 267 2605 skatt
286 2579 420 2614 Saulum,
447 2581 479 2608 Ρ.
517 2581 576 2608 371.
602 2580 865 2614 malefactum,
887 2581 918 2607 P.
957 2580 1015 2608 374.
1036 2581 1215 2616 implere,
1246 2590 1342 2616 urspr.
1370 2582 1398 2607 ln
1420 2582 1459 2610 M.

194 2626 252 2651 und
273 2626 347 2651 noel·
377 2627 405 2651 in
430 2626 460 2652 P.
499 2625 559 2654 475.
580 2627 678 2661 Prov.⁷
705 2628 791 2661 11,8.
830 2628 891 2654 3³6.
912 2627 1084 2661 dextera,
1115 2627 1165 2662 P.;
1202 2629 1390 2663 protexit,
1415 2628 1458 2662 C.,

195 2668 228 2699 R.
250 2679 281 2698 u.
300 2671 330 2700 S.
369 2672 431 2700 388.
455 2673 614 2707 pietate,
634 2673 714 2701 M.u.
735 2673 797 2702 Ρη.
819 2672 1063 2707 (Schreibfehler.
1084 2673 1194 2708 Reim.)
