1702 2939
595 217 880 261 ...45-

231 335 367 376 Armis
396 335 670 388 praevalidus,
703 347 876 387 corpore
904 336 1158 389 conspicuus,

85 401 151 443 25.
168 403 339 443 Nomine
368 402 604 455 Gingulfus,
633 417 790 442 morum
819 405 1020 456 probitate
1049 408 1262 452 venustus,

231 472 426 511 Omnibus
456 472 520 511 hic
551 485 672 511 carus
703 472 840 511 extitit
870 478 912 511 et
940 473 1135 525 placidus.

175 540 297 580 Illum
327 554 472 592 nempe
502 541 640 580 ferunt
667 547 799 579 ortum
827 541 876 579 de
906 542 1091 592 germine
1120 554 1266 593 regum

235 608 520 661 Regalemque
550 609 634 648 suis
661 610 841 648 moribus
871 610 1063 660 egregiis.

175 677 312 731 Ipsius
341 691 363 716 e
392 678 533 717 matris
562 678 717 729 gremio
751 691 845 730 spes
874 679 1028 730 pendet
1055 678 1095 717 in
1123 679 1205 727 illo,

86 744 151 785 30.
230 745 312 792 Qui
340 747 467 785 verbo
497 753 643 785 cuncta
673 746 854 785 condidit
883 760 937 785 ex
965 747 1102 795 nihilo,

179 812 385 854 Germinis
415 818 455 854 et
481 814 584 854 tanti
616 828 707 853 sese
738 828 818 854 non
851 815 982 854 credit
1010 816 1162 863 honori,

241 882 322 922 Sed
352 884 498 922 transit
525 884 679 922 meritis
712 884 904 922 almitiem
932 884 1108 935 generis.

176 952 339 1004 Inclyta
367 965 461 991 nam
490 952 672 1003 genitrix
701 952 771 991 tali
801 952 913 991 foetu
941 953 1007 1004 pie
1037 952 1151 1000 felix,

231 1020 281 1060 In
309 1021 450 1060 mundi
480 1021 613 1060 lucem
643 1021 748 1059 fudit
777 1026 822 1060 ut
851 1021 956 1060 hanc
985 1022 1175 1069 sobolem,

88 1088 154 1129 35.
173 1089 296 1130 Ocius
327 1090 505 1129 abluitur
533 1090 684 1129 vetulis
713 1090 955 1141 baptismate
985 1090 1126 1143 culpis,

233 1157 348 1204 Quas
376 1159 650 1211 protoplastes
680 1158 891 1197 obtinuere
919 1162 1072 1211 patres.

174 1224 384 1271 Crismatis
413 1234 637 1278 unguento,
665 1227 815 1279 scripto
845 1227 921 1266 sibi
950 1228 1166 1279 fronteque
1196 1227 1326 1278 signo,

234 1295 402 1335 Ascitur
431 1296 537 1335 natis
567 1295 765 1335 ecclesiae
794 1295 943 1344 nitidis,

174 1363 363 1404 Pascitur
392 1368 434 1404 et
464 1365 585 1417 plene
615 1364 709 1403 fidei
737 1377 832 1404 mox
861 1364 1052 1416 dogmate
1080 1364 1226 1412 trinae,

88 1430 154 1472 40.
236 1433 343 1472 Dum
370 1433 486 1484 vagit
515 1446 619 1472 cuna
648 1446 819 1486 corpore
848 1433 1032 1473 lacteolo.

173 1499 258 1540 Lac
287 1501 446 1554 quoties
475 1501 600 1549 suxit,
630 1501 751 1541 toties
779 1502 874 1541 fidei
901 1514 1019 1541 sacra
1049 1502 1233 1555 sumpsit,

241 1569 475 1623 Suspensus
503 1570 645 1610 matris
674 1570 868 1609 uberibus
896 1570 1080 1622 geminis.

179 1638 347 1679 Talibus
376 1638 573 1686 incubuit,
601 1638 719 1678 lactis
749 1638 845 1678 dum
873 1639 1041 1691 gurgite
1070 1639 1187 1687 vixit,

240 1707 348 1747 Hinc
375 1708 531 1760 pulsus,
561 1707 732 1759 gravido
761 1707 914 1747 ferbuit
940 1707 1119 1759 ingenio,

86 1774 152 1815 45.
172 1774 452 1828 Canitiemque
483 1789 628 1815 senum
656 1776 888 1816 membrism
917 1777 1107 1816 editando
1137 1776 1315 1824 tenellis,

235 1843 327 1884 Non
355 1857 448 1884 raro
478 1845 605 1884 sae-ris
633 1858 780 1898 nempe
810 1848 931 1885 vacat
957 1846 1114 1885 studiis.

293 1912 427 1959 Quem
454 1926 551 1952 mox
579 1913 801 1962 inberbem‚
838 1916 924 1954 tota
951 1916 1154 1967 probitate
1183 1915 1405 1966 vigentem,

235 1979 380 2022 Gratia
408 1981 554 2035 Pipini,
583 1982 778 2036 principis
808 1983 981 2032 almifici,

178 2050 328 2102 Regali
356 2063 437 2090 non
464 2050 652 2090 inmerito
681 2051 769 2091 sisti
792 2052 912 2104 jubet
939 2053 1045 2101 aula,

93 2115 159 2158 50.
238 2118 448 2158 Ardenter
477 2119 601 2158 talem
630 2120 752 2159 corde
781 2121 919 2160 colens
943 2123 1152 2173 juvenem.

183 2186 266 2227 Sed
293 2187 425 2240 pietas
454 2187 567 2227 illum
597 2189 782 2240 quamvis
806 2189 1034 2241 justissima
1062 2189 1175 2241 regis

242 2255 404 2296 Ditaret
434 2259 574 2296 tantae
605 2269 776 2296 munere
805 2249 1014 2308 gloriolae,

179 2323 338 2375 Regius
367 2327 413 2364 ut
439 2325 580 2379 primis
610 2328 721 2366 esset
748 2326 967 2379 proconsul
996 2327 1046 2366 ab
1075 2327 1205 2377 annis,

241 2393 442 2446 'surgenti
473 2394 582 2435 fastu
611 2407 692 2434 non
721 2397 858 2434 tamen
888 2394 1072 2447 erigitur,

96 2458 161 2503 55.
183 2460 357 2502 Pectore
385 2463 457 2501 sed
487 2463 591 2502 tales
620 2463 760 2503 humili
790 2463 944 2503 fastidit
972 2464 1159 2513 honores,

99 2595 144 2624 31.
167 2575 350 2630 eredidit,
371 2596 411 2624 M.
432 2605 460 2623 u.
482 2597 513 2624 Ρ.
570 2597 612 2625 3-1.
632 2602 787 2625 stemma
808 2599 866 2625 sui
887 2600 1016 2635 generis,
1035 2599 1067 2628 c.
1093 2609 1121 2627 u.
1147 2601 1176 2628 8.
1243 2601 1286 2631 39.
1307 2601 1441 2637 plenu

173 2640 204 2670 C.
226 2650 253 2668 u·
274 2641 306 2668 S.
342 2641 384 2669 47.
404 2644 632 2678 vin-gentem,
652 2645 704 2677 M.;
734 2646 761 2670 in
782 2645 812 2671 P.
835 2645 873 2670 ist
891 2645 944 2672 das
964 2653 978 2672 ι·
998 2646 1271 2681 durchgentriehen.

101 2687 145 2716 5‘2.
171 2686 343 2723 vitane,
367 2687 407 2716 M.
441 2689 486 2717 53.
507 2690 673 2725 primus,
711 2690 750 2716 M.
771 2691 984 2726 primis-nnis.
