1702 2939
593 238 911 281 -171-

66 356 242 396 hannem
274 357 313 394 et
344 355 515 394 Paulum
544 355 630 394 Deo
662 355 756 395 Jovi
787 355 1032 404 sacrificare,
1073 355 1107 394 si
1150 356 1286 395 autem
1317 354 1438 394 obsti-

66 428 160 464 nato
193 424 420 463 restiterint
450 425 628 476 pectore,
660 424 924 476 perimantur,
961 438 1040 464 non
1081 424 1236 478 palam,
1278 424 1350 463 sed
1380 423 1439 463 ni-

66 494 189 534 mium
220 493 388 541 occulte,
421 493 514 544 quia
544 493 714 545 palatini
745 493 872 532 fuere.

568 630 944 669 Terentianus.

67 700 296 752 Imperator
327 698 528 747 Julianus,
569 699 634 738 cui
664 699 810 747 servio,
850 699 959 739 misit
998 699 1125 747 vobis,
1159 699 1368 738 Johannes
1400 700 1442 738 et

66 768 206 815 Paule,
237 780 310 820 pro
339 767 401 806 sui
432 768 648 807 clementia
679 780 849 806 aureum
879 768 1169 806 simulachrum
1201 767 1328 816 Jovis,
1377 767 1442 806 cui

68 840 161 876 tura
184 835 236 888 ⁷4)
268 836 397 887 gratis
427 836 636 888 imponere
668 836 842 886 debetis3
875 837 983 889 quod
1014 837 1048 875 si
1078 836 1302 885 nolueritis,
1335 837 1441 890 capi-

70 905 194 945 talem
225 904 470 944 sententiam
497 905 694 945 subibitis.

614 975 904 1014 Johannes

72 1042 114 1083 Si
148 1042 337 1082 Julianus
377 1043 429 1083 sit
467 1045 561 1083 tuus
601 1044 804 1091 dominus,
845 1044 993 1082 habeto
1035 1055 1178 1095 pacem
1223 1056 1313 1082 cum
1359 1043 1442 1091 illo,

71 1115 188 1151 utere
206 1112 258 1163 ⁷⁵)
291 1113 380 1163 ejus
398 1113 551 1164 gratia3
582 1113 697 1152 nobis
724 1126 804 1152 non
823 1115 886 1152 est
917 1112 1032 1160 alius,
1054 1112 1131 1150 nisi
1149 1111 1345 1150 Dominus
1364 1111 1443 1164 ⁷⁵³)

72 1180 97 1220 J
103 1194 197 1219 esus
231 1179 438 1229 Christus,
477 1195 549 1233 pro
583 1183 696 1233 cujus
726 1193 863 1220 amore
895 1181 1174 1219 desideramus
1212 1180 1334 1229 mori,
1367 1193 1444 1232 quo

70 1261 299 1288 mereamur
329 1249 508 1288 aeternis
540 1250 699 1301 gaudiis
727 1249 895 1302 perfrui.

569 1318 946 1357 Terentianus.

70 1386 178 1431 Quid
208 1386 391 1435 tardatis,
418 1387 598 1426 milites?
634 1386 832 1438 Stringite
866 1387 1020 1425 ferrum
1053 1388 1093 1425 et
1123 1385 1340 1425 interficite
1372 1386 1444 1425 im-

68 1456 272 1508 peratoris
304 1456 554 1508 deorumque
584 1456 783 1505 rebelles3
829 1456 1068 1495 interfectos
1111 1456 1215 1494 clam
1255 1455 1296 1494 in
1328 1456 1444 1495 domo

68 1524 239 1578 sepelite
270 1525 508 1576 nullumque
540 1524 751 1576 sanguinis
782 1525 1006 1576 vestigium
1035 1524 1280 1576 relinquite!

645 1604 867 1644 Milites.

67 1661 121 1701 Et
155 1662 251 1714 quid
283 1662 474 1711 dicemus,
507 1662 673 1714 rogati?

569 1730 948 1769 Terentianus.

71 1798 281 1846 Simulate,
315 1799 430 1851 quasi
463 1799 584 1838 exilio
617 1800 697 1838 sint
727 1799 931 1838 destinati.

474 1867 747 1907 Johannes
779 1870 820 1907 et
849 1868 1051 1907 Paulus

71 1936 154 1984 Te,
198 1935 378 1985 Christe,
425 1950 517 1975 cum
555 1936 679 1975 Patre
722 1939 762 1975 et
804 1936 953 1976 Sancto
996 1936 1149 1988 Spiritu
1194 1937 1450 1987 regnantem,

72 2019 199 2044 uuum
229 2006 371 2054 Deum,
413 2007 486 2044 sub
528 2006 604 2045 hoc
644 2005 824 2058 periculo
870 2005 1118 2052 invocamus,
1159 2006 1199 2044 te
1244 2004 1450 2043 moriendo

73 2075 297 2123 laudamus,
329 2078 374 2114 tu
405 2075 566 2128 suscipe
598 2075 766 2123 animas,
798 2088 870 2127 pro
901 2077 942 2114 te
975 2075 1024 2114 de
1056 2075 1168 2113 lutea
1201 2072 1451 2112 habitatione

77 2143 314 2184 eliminatas.

574 2257 948 2297 Terentianus.

76 2325 139 2366 Eh
170 2327 263 2376 heu,
297 2340 318 2366 o
351 2326 619 2372 christicolae,
653 2327 748 2378 quid
779 2326 933 2379 patitur
964 2324 1108 2364 unicus
1139 2324 1246 2363 filius
1278 2325 1424 2363 meus?

576 2393 954 2434 Christicolae.

77 2464 232 2504 Stridet
263 2465 466 2513 dentibus,
502 2467 622 2517 sputa
649 2464 758 2516 jacit,
790 2466 954 2516 torquet
984 2462 1127 2501 insana
1157 2462 1328 2511 lumina3
1359 2474 1452 2500 nam

77 2534 222 2585 plenus
255 2536 318 2573 est
349 2534 569 2573 daemonio.
594 2533 646 2586 76)

113 2666 165 2701 74)
188 2666 318 2700 thura,
350 2666 389 2699 0.,
420 2665 450 2691 S.
478 2675 505 2691 ιι.
527 2667 587 2700 Mg.
635 2668 681 2701 75]
704 2668 732 2691 et
759 2668 857 2699 utere,
886 2665 927 2692 C..
947 2664 975 2691 S.
997 2673 1026 2692 u.
1048 2664 1108 2701 Mg.
1146 2665 1176 2691 75
1188 2665 1219 2697 n]
1241 2663 1376 2690 dominus
1398 2669 1413 2687 11
1427 2670 1452 2690 n-

179 2715 262 2739 ster
288 2713 319 2740 C.
344 2721 371 2740 ιι.
395 2712 425 2738 S.
463 2713 510 2748 76]
533 2713 758 2741 daemoniis,
782 2713 823 2745 1’.,
845 2712 876 2740 C.
898 2720 926 2739 11.
948 2711 976 2739 S.
