1702 2939
774 225 1088 267 —352—

368 341 640 394 Respondens
671 355 771 393 crgo
803 341 994 393 Gcrbcrg
1024 341 1081 381 ait
1111 354 1180 381 ore
1210 341 1414 381 modesto:

369 410 554 458 „Christo
584 424 648 450 mc
680 415 805 451 totam
835 411 1051 458 committo,
1083 423 1215 450 meam
1245 424 1406 463 quoque
1435 411 1572 461 vitam,

368 479 530 532 „thue
561 480 632 519 fiat
661 480 711 518 dc
743 493 806 518 mc
832 480 954 531 juxta
984 479 1144 518 Domini
1174 493 1274 530 rogo
1304 480 1450 520 velle.“

255 545 348 587 360.
370 547 446 586 His
476 549 531 587 ita
563 549 772 600 colloquiis
803 552 940 587 mutuo
972 561 1160 587 sermone
1191 549 1379 600 peractis,

369 617 585 656 Bcrnhard
615 630 710 656 mox
739 615 851 665 abiit,
884 629 1063 669 casuque
1095 630 1168 656 suo
1200 617 1278 656 cito
1309 617 1450 666 sensit,

367 685 435 725 Nil
465 689 608 725 contra
636 685 851 724 Dominum
881 699 1174 737 quemcumque
1213 686 1355 725 valere
1385 686 1626 739 superbum3

369 753 423 794 Et
453 754 546 806 quia
576 755 668 807 plus
693 755 804 806 justo
836 754 1007 806 deliquit
1036 754 1172 793 inania
1203 754 1337 803 fando,

369 822 533 862 Decidit
567 823 606 861 in
637 823 757 871 bello,
789 823 922 862 victus
952 824 1106 862 virtute
1138 835 1326 875 superna.

257 890 351 932 365.
374 892 435 931 Ac
467 890 617 931 Christi
647 892 766 943 virgo
797 892 935 944 sponsi
966 893 1154 932 coelestis
1186 892 1311 931 amori

369 960 422 1000 Sc
453 974 549 1000 mox
579 960 802 1012 conjunxit,
834 974 955 1012 quein
983 964 1095 999 caste
1127 974 1288 1013 semper
1319 961 1480 1000 amavit.

369 1028 494 1082 Cujus
525 1029 721 1081 primatus
751 1034 882 1077 sexto,
914 1029 954 1067 ni
985 1029 1117 1077 fallor,
1148 1029 1189 1067 in
1219 1041 1325 1068 anno

367 1099 481 1138 Brun
512 1098 608 1144 dux,
642 1097 858 1135 ecclesiam
888 1099 1099 1149 promptus
1131 1097 1355 1136 defendere
1386 1100 1580 1146 sanctam,

368 1167 542 1206 Incursu
574 1166 625 1204 de
656 1178 873 1204 saevorum
903 1165 1002 1204 satis
1033 1164 1308 1217 Ungariorum

254 1235 348 1277 370.
368 1236 476 1276 Proh
509 1235 641 1274 dolor!
675 1248 729 1273 cx
757 1234 856 1286 ipsis
887 1234 1046 1273 Domini
1077 1234 1216 1286 pravis
1246 1233 1417 1273 inimicis

370 1304 590 1351 Occiditur,
620 1303 725 1342 binis
756 1316 847 1342 cum
877 1302 1134 1355 praesidibus
1164 1302 1423 1350 venerandis,

368 1373 564 1413 Omnibus
594 1374 716 1424 atquc
746 1371 848 1410 viris
878 1371 1067 1424 propriae
1098 1371 1252 1423 pariter
1282 1371 1468 1423 legionis.

368 1442 458 1488 Quo
490 1454 586 1480 mox
617 1440 762 1488 occiso,
789 1440 927 1492 junior
958 1440 1087 1479 frater
1118 1453 1216 1479 suus
1248 1438 1376 1488 Oddo,

366 1511 462 1550 Dux
492 1510 625 1549 faetus
656 1509 795 1562 populi
825 1509 929 1548 dono
959 1508 1071 1560 regis
1101 1507 1345 1557 Hludowici,

257 1579 350 1621 375.
372 1578 602 1631 Respondit
632 1577 750 1616 sactis
781 1579 948 1616 sanctae
977 1579 1072 1616 voto
1105 1575 1327 1628 genitricis,
1371 1625 1385 1637 .

366 1649 429 1688 Ac
461 1647 595 1688 studio
627 1646 746 1686 simili
776 1645 1026 1685 concordans
1064 1645 1209 1685 nititur
1239 1645 1298 1684 illi

368 1716 553 1757 Cultibus
585 1715 801 1755 ecclesiam
832 1714 967 1766 dignis
998 1726 1145 1753 ornare
1175 1713 1394 1762 novellam,

369 1786 486 1831 Quae
516 1788 609 1838 post
639 1784 740 1823 hacc
771 1795 876 1822 anno
909 1784 1045 1822 fuerat
1075 1782 1275 1822 sacranda
1305 1781 1495 1821 secundo.

370 1853 534 1893 Moenia
565 1853 749 1893 coenobii
777 1851 953 1905 perfecit
983 1851 1116 1890 omnia
1146 1850 1288 1899 nostri,

258 1921 352 1963 380.
374 1921 592 1961 Commoda
622 1921 825 1961 mansuris
856 1920 939 1959 illic
968 1933 1042 1972 per
1072 1919 1208 1958 saecla
1237 1918 1396 1971 puellis.

422 1989 499 2030 His
530 1991 634 2029 bene
664 1988 872 2042 perfectis,
900 1988 1022 2040 juxta
1053 1991 1273 2039 praecepta
1303 1987 1485 2039 parentis

365 2058 558 2110 Eligitur,
590 2058 736 2097 domna
766 2059 960 2109 poscente
989 2055 1184 2094 videlicet
1215 2054 1315 2103 Oda,

367 2127 465 2180 Ipsa
494 2127 582 2166 dies
612 2126 762 2178 templo
793 2124 996 2176 condigne
1027 2123 1330 2171 sanctificando,

367 2195 417 2234 In
449 2197 565 2248 cujus
595 2194 726 2234 noctis
756 2193 889 2232 medio
921 2205 1042 2244 quam
1071 2192 1256 2245 pluribus
1286 2191 1354 2231 illo

252 2262 346 2304 385.
369 2264 507 2303 Tertio
537 2263 780 2316 conspicuae
811 2261 1012 2313 quondam
1043 2261 1198 2300 fulsere
1227 2260 1433 2308 lucernae,

365 2332 419 2371 Et
450 2331 555 2384 quod
587 2336 824 2370 cunctorum
855 2330 1010 2382 pariter
1041 2328 1278 2368 venerabile
1310 2327 1460 2368 festum

368 2399 611 2440 Sanctorum
641 2399 751 2439 vasti
783 2399 920 2438 suerat
948 2411 1022 2450 per
1053 2397 1215 2437 climata
1243 2396 1395 2445 mundi,

286 2525 348 2552 361.
369 2520 581 2555 nerum-ad,
612 2521 644 2548 B.
665 2529 693 2548 u.
714 2521 766 2549 Lb.
804 2522 864 2550 369.
884 2521 1152 2557 UngaMorum,
1182 2519 1273 2556 vei-gl.
1306 2520 1391 2548 Ptz.:
1424 2518 1624 2546 Nordman-

372 2576 520 2601 norum,
544 2575 568 2593 ι.
597 2567 674 2595 Anu.
693 2567 776 2594 Fuld.
803 2576 828 2594 a.
850 2569 911 2594 880.
958 2568 1019 2595 373.
1038 2567 1142 2598 junior
1170 2575 1243 2593 snus
1262 2566 1362 2599 frater,
1385 2564 1440 2599 Ap.
1476 2564 1538 2592 379.
1560 2571 1620 2598 per·

374 2614 446 2641 fecit
473 2617 508 2640 et
536 2614 649 2646 omnia,
680 2613 730 2639 Lb.
758 2614 831 2640 nach
853 2614 884 2642 B.
921 2614 981 2641 382.
1003 2613 1169 2647 domina,
1198 2613 1252 2646 Ap.
1275 2620 1304 2638 n.
1332 2611 1405 2638 Lek.
1440 2609 1500 2638 384.
1522 2609 1622 2642 illic,

374 2668 431 2686 von
461 2660 512 2686 Lb.
537 2659 782 2694 vorge-chlagen.
827 2660 888 2688 335.
915 2659 1148 2693 conspicue,
1178 2658 1247 2686 Lck.
1293 2657 1356 2686 386.
1378 2656 1486 2692 quid,
1512 2656 1567 2691 Ap.
1596 2663 1625 2682 u.

373 2705 675 2742 Lek.;quo‹i,1.b.
712 2705 774 2733 387.
794 2705 910 2740 fanti,
934 2705 989 2739 ΑΡ.
