1702 2939
774 204 1087 247 -332-

245 324 337 365 740.
356 325 556 378 Tempore
587 337 639 363 ne
670 324 824 377 patrias
857 323 1033 362 instante
1064 322 1222 361 rediret
1252 321 1303 360 ad
1335 332 1439 367 orae,

356 393 592 432 Liudulsum
622 393 785 446 placuit
815 404 952 431 earum
984 391 1245 444 praemittere
1277 395 1429 438 natum,

361 462 416 504 L't
447 475 550 514 gens
582 461 789 501 Saxonum
823 461 938 500 sortis
969 460 1161 500 volitaret
1191 459 1241 498 ad
1272 459 1385 498 illum

361 530 415 570 Et
444 544 618 582 regnum
650 531 723 569 sub
755 534 924 582 patrono
956 531 1086 568 staret
1116 530 1220 568 bene
1251 530 1375 567 tanto.

365 599 456 648 Qui,
488 612 638 652 parens
664 599 792 651 jussis
824 598 973 637 devota
1003 602 1139 637 mente
1175 596 1369 650 parentis,

256 667 348 707 745.
368 668 433 707 Ad
464 669 636 721 patriam
668 667 798 713 rediit,
832 679 968 706 euram
1001 666 1199 718 regnique
1231 665 1399 718 recepit,

367 737 511 776 Omnia
542 737 768 789 prudenter
799 748 956 774 necnon
987 735 1152 774 nimium
1183 734 1391 787 sapienter

366 804 594 858 Complens,
627 805 667 844 in
698 805 832 858 patria
862 817 965 856 quae
997 807 1095 843 tune
1127 804 1291 843 fuerant
1320 799 1519 841 facienda.

365 873 534 912 Interea
565 874 649 913 dux
679 873 897 921 Hem-icus,
929 873 1041 925 regis
1073 871 1336 911 venerandus

367 942 526 991 Frater,
560 942 596 981 in
629 942 749 981 Italia
777 943 909 981 cordis
942 941 1151 981 conamine
1182 952 1336 979 summo

255 1008 346 1050 750.
367 1010 583 1062 Obsequiis
615 1023 779 1063 operam
811 1011 940 1062 gessit
970 1010 1179 1061 regalibus
1211 1012 1360 1061 aptam,

367 1078 555 1118 Officium
587 1093 668 1118 non
701 1079 885 1130 germani
915 1077 1163 1118 solummodo
1195 1077 1291 1125 cari,

365 1147 446 1187 Sed
476 1159 596 1199 mage
623 1148 691 1200 jus
723 1149 833 1187 servi
865 1147 997 1186 studio
1029 1145 1269 1199 complendo
1299 1143 1479 1197 benigni.

369 1215 476 1256 Hine
507 1230 586 1255 non
619 1217 806 1256 inmerito
836 1215 927 1267 regi
958 1215 1110 1268 plaeuit
1140 1214 1240 1254 satis
1271 1213 1359 1267 ipsi,

366 1284 442 1324 Est
472 1298 631 1338 quoque
662 1286 830 1337 reginae
859 1285 1040 1323 fraterno
1068 1284 1236 1336 junctus
1267 1293 1417 1330 amore,

255 1351 348 1393 755.
372 1353 616 1406 Affectuque
647 1354 712 1406 pio
743 1354 879 1393 fuerat
909 1353 1083 1391 dilectus
1115 1352 1164 1391 ab
1197 1351 1277 1390 illa.

366 1422 481 1461 Tune
511 1435 589 1461 rex
619 1422 807 1461 Italicum
836 1423 1136 1474 peragraverat
1166 1419 1344 1472 undique
1380 1431 1566 1471 regnum,

367 1490 569 1530 Primates
600 1491 718 1543 regni
749 1490 937 1544 propriae
969 1490 1149 1529 subdens
1181 1488 1332 1528 ditioni.

366 1558 444 1598 His
476 1572 635 1611 quoque
667 1559 879 1612 eompletis
907 1559 1027 1611 juxta
1057 1560 1278 1610 votumque
1309 1555 1465 1605 locatis,

362 1627 425 1666 Ne
456 1627 723 1679 Beringarius
755 1640 931 1679 regnum
961 1628 1129 1680 raperet
1160 1625 1236 1665 sibi
1265 1637 1443 1674 rursum,

253 1692 344 1734 760.
369 1694 601 1736 Conradum
634 1710 725 1735 eum
754 1710 833 1735 non
864 1696 1004 1749 paucis
1036 1709 1089 1734 ex
1121 1694 1283 1746 agmine
1313 1693 1431 1733 lectis

365 1764 414 1803 In
445 1764 570 1817 Papia
600 1765 785 1804 residere
816 1765 963 1804 ducem
989 1764 1112 1817 jussit
1142 1763 1379 1816 sapientem,

369 1832 443 1872 Cui
474 1834 713 1872 veneranda
744 1845 842 1872 suae
876 1833 1045 1872 dederat
1076 1832 1279 1872 consortia
1308 1835 1451 1880 natam

371 1901 549 1954 Ipseque
582 1902 771 1941 continuo
802 1901 923 1941 rediit
953 1915 1044 1940 eum
1077 1901 1251 1953 conjuge
1283 1900 1406 1947 clara,

369 1969 596 2008 Intendens
628 1970 784 2022 patriae
815 1970 954 2008 sedem
986 1969 1158 2008 festinus
1190 1968 1313 2007 adire.

258 2035 350 2077 765.
373 2038 507 2083 Quem
539 2037 683 2089 gavisa
715 2038 876 2090 quidem
907 2038 1023 2090 plebs
1055 2037 1235 2090 suscepit
1265 2036 1510 2083 venientem,

373 2106 607 2145 Altithrono
639 2111 779 2158 grates
810 2118 1012 2158 spargens
1043 2118 1167 2158 super
1198 2105 1368 2144 aethera
1398 2104 1550 2151 dulces,

377 2174 458 2220 Qui
488 2174 719 2214 miserando
750 2187 848 2213 suae
879 2175 1010 2228 plebis
1042 2174 1160 2213 solita
1190 2174 1355 2227 pietate,

376 2242 508 2288 Quem
539 2243 629 2296 pius
662 2243 800 2295 elegit,
831 2257 974 2295 regem
1005 2256 1097 2282 cum
1126 2255 1227 2295 paee
1257 2241 1433 2281 reduxit.

375 2356 464 2395 Hae
494 2357 551 2396 ita
579 2357 736 2397 laetitia
766 2357 899 2408 dignis
930 2358 1053 2396 rebus
1083 2357 1302 2404 celebrata,

297 2536 356 2563 740.
380 2535 540 2570 odoras,
564 2537 604 2570 Ρ.τ
626 2536 854 2563 ἓιὴηίΜεΙίΙετ.
892 2536 951 2564 742.
972 2535 1181 2571 Saxonum,
1200 2535 1291 2571 vei-gl.
1319 2535 1394 2562 oben
1414 2535 1456 2564 77.
1495 2534 1554 2564 7⁴3.
1575 2537 1629 2560 sta-

374 2585 414 2608 re!
447 2586 484 2607 ut
512 2583 584 2608 bene
615 2586 704 2615 tanto,
735 2583 775 2609 C..
802 2582 834 2609 R.
860 2591 887 2608 u.
912 2582 960 2616 S.;
992 2586 1022 2608 ut
1050 2581 1123 2607 fehlt
1149 2583 1176 2607 in
1207 2581 1245 2608 M.
1274 2590 1302 2608 u.
1329 2581 1359 2607 P.
1397 2580 1456 2608 754.
1477 2581 1630 2607 vinetus

376 2636 485 2662 amore,
512 2628 556 2663 C.‚
579 2628 612 2656 R.
635 2637 662 2657 u.
684 2629 715 2654 S·
752 2630 811 2655 756.
835 2628 992 2661 ltaliae,
1013 2627 1053 2661 C.,
1074 2627 1105 2655 R.
1128 2636 1154 2653 ιι.
1175 2627 1205 2654 8.
1242 2626 1302 2656 764.
1323 2626 1515 2661 festinus,
1539 2625 1630 2661 ven-gl.

375 2674 450 2700 oben
471 2675 533 2702 693.
572 2675 631 2703 769.
654 2674 693 2700 M.
715 2674 762 2700 hat
787 2674 849 2699 hin·
869 2674 973 2699 keinen
995 2674 1113 2701 Absatz.
