1702 2939
609 229 927 274 *243—

626 350 660 388 D
674 349 717 389 is
730 363 752 389 o
761 351 775 389 i
785 363 811 403 p
823 348 870 389 ul
882 350 904 389 i.

80 407 129 447 In
161 421 239 460 quo
271 409 433 447 constat
463 408 652 447 eoelestis
663 409 682 446 ⁸?

594 476 944 529 Paphnutius.

80 545 130 585 In
163 548 321 598 septem
352 546 528 598 planetis
560 551 601 586 et
631 545 671 583 in
704 545 873 584 coelesti
902 545 1089 598 sphaera.
1111 546 1144 569 ¹³
1153 556 1160 589 5

627 614 661 653 D
674 615 718 653 is
729 615 809 667 cip
824 629 849 653 u
861 615 909 653 li.

81 670 292 717 Quomodo
305 672 325 711 ἶ)

121 746 123 748 ·
598 729 942 782 Paphnutius.

78 796 138 837 Eo
169 798 373 845 videlicet,
407 811 484 850 quo
515 798 597 846 illa,
630 811 733 850 quae
764 798 805 836 in
834 798 1129 845 instrumentis,
1152 799 1247 850 quia
1276 802 1337 839 tot
1367 812 1458 852 spa-

78 866 145 914 tia,
177 878 299 918 pares
329 866 630 918 prod11(·tioneS‚
663 867 834 906 eaedem
867 867 1134 920 symphoniae
1165 869 1458 921 repperiuntur

80 934 121 973 in
152 934 226 984 his,
259 947 363 986 quae
396 937 436 974 et
466 935 506 973 in
538 935 712 974 chordis.
732 935 782 988 ¹⁴)

624 1004 659 1043 D
672 1005 684 1043 i
697 1018 715 1043 s
729 1018 749 1043 o
762 1005 775 1043 i
786 1019 811 1058 p
823 1005 873 1044 ul
884 1005 908 1044 i.

79 1059 192 1105 Quid
223 1062 319 1100 sunt
347 1061 510 1114 spatia?

592 1131 936 1184 Paphnutius.

76 1198 374 1249 Dimensiones,
417 1211 521 1251 quae
552 1203 822 1240 numerantur
853 1202 961 1241 inter
990 1201 1192 1255 planetas,
1235 1202 1323 1242 sive
1351 1203 1459 1242 inter

78 1269 264 1308 chordas.

636 1326 671 1366 D
683 1327 696 1366 i
708 1341 727 1366 s
740 1340 761 1366 o
771 1327 784 1366 i
794 1341 819 1380 p
833 1327 914 1367 uli.

76 1394 131 1434 Et
161 1395 259 1447 quid
295 1395 618 1448 productiones?

592 1465 942 1518 Paphnutius.

78 1532 208 1582 Idem,
241 1533 350 1586 quod
380 1534 475 1574 toni.

624 1591 660 1630 D
672 1592 685 1630 i
699 1605 718 1631 s
731 1605 751 1631 o
763 1592 812 1645 ip
824 1606 852 1631 u
862 1592 911 1632 li.

80 1659 170 1700 Neo
201 1660 347 1700 horum
377 1660 520 1700 notitia
550 1674 624 1700 nos
655 1662 798 1713 tangit.

596 1729 948 1783 Paphnutius.

79 1797 218 1838 Tonus
246 1798 292 1838 fit
314 1811 367 1837 ex
390 1799 547 1838 duobus
574 1800 683 1838 sonis
715 1801 756 1839 et
780 1800 964 1852 possidet
989 1799 1188 1840 rationem
1217 1799 1392 1853 epogdoi
1411 1800 1461 1853 ¹5)

79 1867 240 1907 numeri
271 1868 359 1907 sive
391 1868 677 1920 sesquioctavi.

631 1937 718 1977 Dis
733 1950 753 1977 o
765 1937 777 1977 i
789 1952 814 1991 p
826 1938 876 1977 ul
888 1938 911 1977 i.

83 2005 246 2052 Quanto
277 2006 460 2046 velocius
501 2007 736 2060 praeposita
775 2007 1064 2059 investigando
1096 2007 1321 2059 satagimus
1351 2009 1462 2047 tran-

87 2074 181 2123 sire,
212 2075 325 2115 tanto
358 2074 582 2116 difficiliora
612 2076 728 2115 nobis
758 2090 839 2116 non
872 2077 1024 2116 desinis
1056 2089 1274 2130 apponere.

598 2145 631 2184 P
643 2157 666 2183 a
677 2159 702 2198 p
714 2145 741 2184 h
752 2159 779 2184 n
790 2159 817 2184 u
830 2146 908 2184 tiu
922 2159 952 2185 s.

82 2212 173 2253 Hoc
204 2213 336 2266 exigit
365 2213 597 2267 hujusmodi
629 2213 860 2266 disputatio.

634 2282 670 2321 D
685 2282 697 2321 i
711 2296 728 2321 s
743 2296 763 2322 e
774 2283 787 2322 i
798 2297 823 2336 p
836 2283 916 2322 uli.

84 2348 280 2389 Edissere
324 2353 601 2391 summotenus
643 2352 940 2403 aliquantulum
987 2351 1038 2392 de
1083 2352 1346 2407 symphoniis
1386 2364 1464 2404 quo

86 2419 220 2458 saltim
250 2419 425 2459 sciamus
457 2420 799 2472 significationem
828 2421 1012 2460 nominis.

599 2489 631 2528 P
645 2502 668 2528 a
679 2503 704 2542 p
718 2489 745 2528 h
755 2503 782 2528 n
793 2503 821 2528 u
833 2491 849 2528 t
861 2490 910 2529 iu
921 2503 953 2529 s.

89 2553 339 2608 Symphonia
371 2557 518 2598 dieitur
548 2558 834 2598 modulationis
865 2561 1245 2613 temperamentum.

129 2667 174 2702 13)
196 2676 323 2702 spera,
344 2666 396 2704 M..
410 2667 519 2696 ebenso
531 2673 631 2697 unten.
674 2669 720 2706 14)
743 2678 783 2698 co
796 2671 893 2708 rdis,
912 2671 1083 2707 M.,ebcnso
1102 2676 1204 2700 nntcn.
1244 2674 1290 2709 15)
1305 2670 1465 2708 epothoi,

193 2713 234 2743 M.
258 2722 288 2740 u.
311 2715 343 2744 Ρ.

1094 2754 1145 2795 16
1168 2755 1191 2780 ³³²
