1702 2939
278 603 484 666 Partibus
518 626 696 665 occiduis
729 625 842 664 fulsit
873 626 1028 664 clarum
1059 624 1183 663 decus
1215 623 1334 672 orbis,

187 696 294 738 Urbs
326 695 516 746 Augusta
546 707 664 743 nova,
695 694 840 733 Martis
872 694 1036 732 feritate
1069 693 1257 745 superba,

187 764 325 810 Quam
356 764 454 802 satis
487 764 662 816 hispanii
693 763 844 803 cultam
878 765 1047 802 tenuere
1080 761 1223 809 coloni,

103 832 165 873 15.
188 832 376 873 Corduba
416 833 570 872 famoso
601 832 786 884 locuples
819 832 869 871 de
899 832 1060 871 nomine
1093 831 1212 877 dicta,

188 901 352 954 Inclyta
387 902 552 948 deliciis,
583 903 706 940 rebus
739 914 899 953 quoque
929 900 1143 953 splendida
1175 899 1343 945 cunetis,

184 969 366 1010 Maxime
398 970 578 1022 septenis
611 969 784 1022 Sophiae
815 970 973 1022 repleta
1003 969 1168 1007 fluentis

189 1039 358 1078 Necnon
388 1039 599 1092 perpetuis
632 1052 793 1091 semper
823 1039 1037 1091 praeclara
1069 1035 1295 1089 triumphis,

191 1106 297 1146 Olim
329 1119 431 1159 quae
465 1105 625 1146 Christo
658 1108 793 1146 sucrat
825 1108 928 1146 bene
961 1106 1122 1145 subdita
1148 1106 1273 1158 justo,

101 1174 166 1214 ΞΟ.
196 1176 320 1215 Fudit
351 1180 391 1214 et
423 1177 579 1215 albatos
609 1176 780 1215 Domino
811 1176 1055 1228 baptismate
1086 1176 1215 1212 natos.

188 1244 344 1282 Bellica
375 1245 448 1282 sed
480 1245 611 1283 subito
643 1245 774 1283 virtus
805 1245 910 1282 bene
943 1243 1103 1282 condita
1128 1243 1225 1294 jura

185 1312 375 1359 Mutavit,
408 1326 549 1351 sacrae
581 1313 675 1352 fidei
706 1312 939 1366 spargendo
971 1310 1140 1350 nefandi

188 1380 403 1432 Dogmatis
436 1395 628 1432 errorem,
659 1382 853 1434 populum
883 1380 1085 1431 laesitque
1116 1378 1289 1418 fidelem.

247 1449 410 1489 Perfida
442 1463 536 1489 nam
567 1450 865 1490 Saracenorum
896 1462 999 1501 gens
1030 1447 1317 1487 indomitorum

102 1517 168 1558 25.
192 1518 315 1558 Urbis
346 1518 482 1558 Marte
512 1520 615 1571 petit
645 1519 767 1558 duros
798 1519 968 1570 hujusce
1000 1518 1177 1566 colonos,

185 1586 347 1639 Eripuit
377 1588 498 1638 regni
530 1590 681 1626 sortem
712 1587 787 1626 sibi
816 1588 901 1626 vim
931 1599 1092 1639 quoque
1121 1584 1221 1625 clari

191 1654 464 1707 Extinxitque
497 1657 647 1695 bonum
677 1669 832 1707 regem,
861 1655 1105 1708 baptismate
1131 1654 1272 1701 lotum,

194 1723 273 1768 Qui
304 1724 464 1776 pridem
493 1725 637 1764 merito
669 1725 797 1776 gessit
827 1724 985 1775 regalia
1016 1727 1180 1776 sceptra

189 1791 243 1831 Et
277 1794 388 1830 cives
415 1793 538 1844 justis
571 1794 723 1832 domuit
754 1796 852 1845 quot
882 1795 1066 1844 tempora
1097 1791 1235 1830 frenis.

101 1858 166 1899 30.
190 1859 341 1899 Hostili
372 1861 480 1900 ferro
513 1865 624 1901 certe
657 1876 734 1914 quo
761 1863 846 1915 jam
877 1862 1071 1914 superato

192 1929 253 1967 Ac
284 1929 439 1981 reliquo
470 1930 578 1970 victo
609 1933 722 1970 tanta
753 1931 804 1970 de
833 1931 959 1969 caede
989 1929 1172 1982 popello,

183 1996 340 2036 Ductor
371 1999 607 2038 barbaricae
630 2001 779 2051 gentis,
809 2002 989 2038 structor
1021 2010 1183 2050 quoque
1210 2008 1374 2050 pugnae

189 2066 264 2105 Vir
296 2070 359 2106 sat
388 2081 624 2120 perversuS‚
655 2069 742 2108 vita
771 2069 932 2120 rituque
964 2067 1172 2120 profanus,

194 2135 387 2176 Vindicat
418 2138 574 2190 imperii
606 2140 758 2176 sortem
790 2138 865 2176 sibi
898 2136 1074 2187 denique
1103 2133 1220 2182 tanti,

108 2201 172 2242 35.
194 2204 376 2244 Collocat
409 2208 447 2244 et
480 2207 612 2245 socios
644 2207 836 2258 populato
867 2219 962 2244 rure
993 2203 1205 2250 nefandos,

193 2272 375 2325 Implens
407 2280 657 2313 moerentem
688 2289 766 2313 non
799 2275 938 2326 paucis
969 2273 1154 2312 hostibus
1182 2271 1336 2316 urbem,

192 2340 342 2380 Polluit
376 2345 415 2381 ct
446 2349 630 2382 veterem
661 2356 789 2396 purae
821 2343 914 2381 fidei
946 2341 1187 2393 genitricem

193 2409 414 2450 Barbarico
447 2413 539 2459 ritu,
573 2414 679 2464 quod
709 2425 802 2451 nam
830 2411 1061 2450 miserabile
1093 2408 1215 2454 dictu,

198 2477 388 2530 Paganos
415 2481 536 2532 justis
568 2481 882 2520 intermiscendo
910 2479 1073 2526 colonis,

111 2544 176 2585 40.
204 2548 293 2593 Quo
325 2549 399 2588 sibi
431 2550 654 2590 suaderent
684 2551 837 2603 patrios
866 2548 1093 2588 dissolvere
1123 2558 1258 2586 mores

116 2704 155 2729 1⁴2.
178 2706 357 2731 occidus.
383 2706 421 2732 Μ.
469 2708 505 2734 15.
529 2708 694 2743 famosa,
717 2709 746 2736 S.
774 2709 851 2738 u.1'.
901 2707 944 2736 Ἡ.
967 2706 1131 2739 Persidi,
1154 2704 1247 2732 M.u.
1274 2698 1304 2728 P.
1342 2699 1451 2727 39.in.

173 2752 490 2786 termigcedQM.

1148 2788 1165 2795 -r

1146 2798 1172 2827 ί)
