1702 2939
772 213 1086 257 -230—

251 331 443 385 adoptiva
474 332 566 375 filia.
599 344 621 369 0
650 343 765 370 meae
795 343 891 383 pars
921 330 1091 378 animae,
1117 329 1260 378 Maria,
1283 330 1526 381 agnoscisne
1556 344 1619 372 me

249 413 410 446 senem,
450 400 519 452 qui
560 402 601 440 te
642 404 813 458 paterno
842 412 955 438 more
970 398 1026 451 ⁴¹⁹)
1057 399 1222 449 nutrivi,
1259 399 1328 452 qui
1358 402 1403 440 te.
1430 400 1619 444 coelestis

251 469 363 519 rogis
395 468 608 520 unigenito
640 467 916 520 desponsavi?

858 535 901 576 M
914 548 937 576 a
950 536 1037 576 ria.

247 605 309 654 Ei,
325 605 442 646 mihil
473 604 604 645 Pater
618 607 659 645 ot
677 605 875 656 magister
895 619 1009 645 meus
1022 605 1227 646 Abraham
1251 608 1324 655 est,
1338 606 1406 659 qui
1423 606 1621 660 loquitul!

805 673 843 714 A
854 675 878 713 b
891 687 911 713 r
921 686 942 713 a
956 674 978 714 h
991 687 1013 713 a
1026 688 1075 714 m.

250 742 359 788 Quid
391 742 562 793 contigit
591 741 674 791 tibi,
704 741 809 792 filia.
800 742 819 771 ‘³

846 809 890 850 M
902 822 924 850 a
935 811 980 851 ri
993 824 1026 850 a.

251 867 402 910 Gravis
432 867 606 908 miseria.

801 924 837 964 A
850 926 872 964 b
886 939 905 964 r
917 926 975 967 ah
989 938 1012 964 a
1026 939 1073 965 m.

252 993 353 1045 Quis
386 996 427 1033 te
459 993 650 1046 decepit?
684 992 786 1039 Quis
819 999 857 1033 te
892 995 1087 1035 seduxit?

847 1062 889 1101 M
902 1076 954 1101 ar
966 1063 976 1101 i
989 1076 1022 1102 a.

255 1130 334 1176 Qui
363 1130 638 1183 protoplastos
669 1134 858 1183 prostlax
862 1131 904 1170 it

802 1199 839 1238 A
852 1201 876 1239 b
891 1200 981 1238 rab
996 1212 1076 1239 am.
1425 1239 1429 1242 .
1571 1218 1573 1222 ’
1606 1215 1610 1231 ¹

253 1266 288 1308 L
293 1267 331 1306 bi
363 1270 426 1307 est
457 1267 644 1319 angelica
675 1267 756 1316 illa,
789 1280 909 1319 quam
940 1269 979 1306 in
1009 1271 1049 1307 t<
1055 1268 1131 1307 riis
1164 1267 1305 1319 egisti,
1337 1266 1623 1337 eonversatio?

852 1335 896 1374 M
908 1349 931 1375 a
942 1349 960 1375 1·
971 1337 981 1375 i
994 1349 1027 1375 a.
1323 1348 1325 1350 ·
1609 1339 1612 1345 ’

250 1393 426 1432 Prorsus
457 1393 628 1446 perdita.

796 1448 831 1488 A
845 1451 868 1489 b
882 1463 902 1489 r
915 1463 937 1489 a
950 1451 973 1488 h
987 1463 1009 1488 a
1021 1464 1070 1489 m.

247 1517 325 1559 Ubi
357 1522 420 1558 est
450 1518 699 1558 v·01ccundia
740 1520 810 1558 tua
849 1519 1096 1570 xwi1ginalirs·‘?
1139 1518 1216 1560 Ubi
1260 1515 1507 1559 continentia
1551 1517 1621 1570 ad-

247 1587 445 1625 mirabilis
459 1588 478 1625 P

839 1643 883 1682 M
896 1655 919 1681 a
935 1644 1024 1683 ria.

244 1699 466 1741 Evae-nata.

792 1757 865 1796 Ab
879 1771 899 1796 1·
913 1758 1003 1796 aha
1018 1771 1068 1797 ni.

244 1824 379 1871 Quam
409 1825 652 1874 mercedem,
698 1825 775 1864 nisi
815 1826 1044 1878 resipiscas,
1085 1839 1157 1879 pro
1184 1826 1444 1879 jejuniorum,
1472 1825 1618 1876 oratio<

242 1907 350 1939 num,
396 1894 631 1944 vigiliarum
662 1894 810 1933 sudore
842 1895 949 1933 ultra
980 1898 1097 1946 potes
1128 1907 1309 1946 sperare,
1351 1888 1461 1942 eu‘m,
1501 1887 1618 1933 velut

243 1962 359 2014 lapsa
389 1963 438 2000 ab
471 1961 684 2001 altitudine
706 1963 819 2011 coeli,
845 1963 1019 2000 dimersa
1043 1977 1085 2001 cs
1108 1963 1146 2001 in
1171 1962 1417 2015 profundum
1434 1962 1615 2002 inferni?

235 2085 299 2125 Eh
339 2086 364 2124 h
433 2088 442 2113 v
839 2030 1020 2069 Maria.

369 2099 441 2125 eu.

788 2144 1066 2184 Abraham.

237 2211 375 2256 Quare
406 2224 470 2249 me
502 2211 757 2263 despexisti?
790 2212 928 2258 Quare
960 2213 1210 2253 deseruisti?
1243 2212 1382 2258 Quare
1413 2216 1612 2257 eventum

240 2282 333 2318 tuae
366 2279 602 2331 perditionis
633 2280 729 2318 mihi
760 2294 840 2320 non
868 2281 1075 2329 indicasti,
1118 2295 1195 2333 quo
1228 2294 1305 2332 ego
1337 2294 1427 2319 euin
1457 2280 1607 2320 dilecto

235 2361 326 2392 meo
359 2347 539 2401 Ephrem
570 2348 736 2400 dignam
765 2362 839 2401 pro
870 2351 911 2388 te
941 2349 1230 2402 poenitentiam
1261 2350 1457 2400 agerem?

841 2416 1018 2456 Maria.

234 2484 454 2535 Postquam
486 2484 600 2535 lapsa
629 2484 668 2522 in
699 2486 879 2536 pecc-atis
913 2486 1058 2534 corrui,
1090 2489 1184 2525 tuae
1214 2485 1421 2524 sanctitati
1450 2485 1607 2538 polluta

233 2552 466 2604 proximare
497 2565 577 2590 non
609 2554 872 2606 praesumpsi.

269 2675 316 2710 49)
342 2678 464 2710 paterno
484 2682 625 2722 aurore,
646 2675 689 2709 C.‚
706 2674 736 2701 S.
757 2684 784 2702 u.
805 2675 864 2711 Mg.
