1702 2939
243 325 440 365 Exoritur
470 324 621 365 nostris
653 325 785 364 subito
817 324 1020 363 discordia
1051 323 1179 371 fortis,

243 395 442 434 Laeserat
473 397 514 433 et
543 395 703 447 plebem
733 394 885 433 bellum
918 393 1038 432 civile
1069 393 1231 431 fidelem

243 464 341 503 Plus
374 476 493 515 quam
524 464 724 503 bellorum
755 465 962 502 structura
993 462 1187 513 frequens
1218 460 1436 500 variorum.

127 530 221 572 245.
243 532 378 585 Hujus
412 545 535 571 causa
563 533 658 571 mali
689 532 824 571 fuerat
854 544 934 570 non
965 542 1094 582 parva
1126 530 1289 568 dolendi

240 602 426 653 Denique
459 601 670 640 conflictus
703 600 956 652 quorundam
985 612 1065 638 non
1097 599 1342 646 moderatus,

241 670 308 710 Ex
341 671 485 722 quibus
516 670 698 709 Henrico
730 669 929 721 quaedam
960 681 1055 721 pars
1086 669 1222 707 mente
1254 668 1433 720 benigna

240 739 417 778 Devovit
448 739 560 790 regis
592 739 708 778 fratri
735 739 803 791 jus
834 737 1105 785 vernulitatis,

238 808 340 847 Pars
372 808 617 846 Evurhardo
650 807 783 845 comiti
813 806 991 845 studium
1021 805 1255 844 famulandi.

124 874 297 916 2150.Αῇ
329 890 419 915 cum
451 876 620 928 quisque
653 876 714 914 sui
745 877 908 928 peteret
939 875 1136 913 solamina
1165 874 1310 922 domni,

237 945 345 984 Hinc
376 945 542 996 gravior
574 945 744 984 dominis
777 943 979 982 discordia
1009 943 1191 982 nascitur
1222 943 1332 995 ipsis.

237 1014 419 1053 Tandem
450 1016 638 1067 percerte
671 1013 860 1052 conflictu
892 1012 1196 1064 progrediente,

243 1082 486 1122 Praedictus
517 1095 686 1135 praeses
717 1082 822 1121 male
856 1082 1050 1120 collectas
1080 1081 1265 1131 legiones

234 1150 334 1190 Mox
366 1151 417 1190 ad
449 1151 661 1190 castellum
692 1150 885 1189 Baduliki
917 1150 1159 1202 capiendum

119 1218 214 1259 255.
234 1220 300 1259 Ex
331 1220 537 1272 inproviso
568 1220 736 1258 mittens
768 1220 841 1257 sub
872 1221 991 1258 nocte
1023 1218 1188 1270 nigella,

236 1289 367 1328 Duxit
398 1289 604 1341 captivum
635 1288 805 1327 fratrem
834 1287 946 1338 regis
977 1300 1236 1339 generosum,

237 1357 475 1405 Henricum,
508 1357 653 1396 vinclis
684 1357 840 1409 palmas
873 1356 1113 1407 stringendo
1146 1354 1327 1395 cruentis

239 1426 341 1478 Ejus
374 1427 621 1473 candidolas,
654 1425 903 1465 ornamentis
934 1425 1065 1476 inagis
1097 1427 1237 1477 aptas3

236 1494 374 1547 Atque
404 1508 499 1534 suas
531 1508 656 1547 gazas
690 1494 931 1546 disperdens
962 1494 1256 1541 innumerosas,

124 1561 219 1602 260.
242 1563 308 1602 Ad
340 1576 414 1602 sna
444 1577 540 1603 mox
571 1564 727 1616 prolem
759 1576 899 1602 secum
930 1563 1103 1602 deduxit
1133 1562 1316 1609 herilem,

237 1632 377 1673 Utitur
408 1635 453 1671 ut
484 1633 591 1671 socio
622 1632 775 1685 proprii
806 1632 955 1670 domini
985 1644 1144 1683 quoque
1176 1634 1282 1670 nato.

240 1701 329 1746 Quo
362 1715 439 1740 rex
470 1703 688 1754 comperto,
718 1714 907 1739 moerens
940 1701 1013 1739 sub
1047 1701 1169 1738 corde
1201 1701 1373 1747 secreto,

236 1770 415 1810 Deflevit
446 1770 572 1809 tristis
604 1770 768 1808 nimium
799 1769 1031 1808 miserabile
1062 1770 1236 1818 factum3

235 1838 319 1878 Vix
351 1852 511 1891 quoque
543 1839 728 1890 germani
760 1839 951 1877 damnum
981 1838 1141 1890 patiens
1174 1850 1303 1888 grave
1336 1836 1429 1886 cari,

117 1905 212 1946 265.
234 1907 380 1946 Nobile
411 1922 506 1946 mox
537 1908 728 1946 Abrahae
762 1908 915 1947 factum
946 1907 1131 1959 sequitur
1163 1906 1433 1959 patriarchae,

236 1976 355 2021 Quod
383 1976 581 2014 miserans
615 1977 711 2027 egit,
746 1977 841 2015 dum
871 1976 976 2016 Loth
1009 1989 1062 2015 ex
1093 1977 1209 2015 hoste
1241 1974 1434 2024 redemit3

235 2044 515 2096 Militibusque
548 2045 630 2084 suis
663 2059 816 2085 summo
849 2045 1059 2084 conamine
1090 2045 1220 2093 lectis,

241 2113 413 2152 Necnon
444 2114 644 2152 inmodica
675 2115 760 2153 tota
792 2115 841 2152 de
873 2120 998 2165 gente
1031 2116 1210 2161 caterva,

238 2182 392 2234 Pompa
421 2182 554 2232 regali
585 2182 722 2234 pergit
752 2182 948 2222 solamina
979 2181 1097 2220 fratri

114 2248 208 2290 270.
240 2251 382 2298 Ferre,
416 2252 489 2289 sub
520 2250 679 2301 ingenti
712 2251 844 2289 cordis
876 2251 1089 2301 languore,
1121 2250 1271 2290 dolore.

235 2320 323 2358 Nec
353 2332 477 2367 mora,
510 2333 630 2371 quem
660 2319 774 2358 venit
804 2320 974 2358 fratrem
1005 2320 1208 2368 refovere,
1239 2319 1426 2367 redemit,

232 2388 437 2428 Auctores
469 2388 572 2427 tanti
604 2388 998 2440 condempnavitque
1029 2389 1163 2442 piacli,

147 2547 209 2574 248.
235 2547 315 2581 regi
346 2546 504 2578 fratris,
527 2545 566 2573 M.
587 2554 615 2571 u.
636 2545 667 2573 P.
706 2543 767 2572 249.
789 2543 1026 2578 Everhardo,
1047 2546 1090 2579 C.,
1110 2546 1142 2572 R.
1168 2554 1196 2572 11.
1217 2545 1246 2572 S.
1284 2546 1345 2572 250.
1368 2545 1498 2578 damni,

227 2592 268 2625 C.,
289 2593 366 2620 Ru.
388 2592 417 2618 S.
455 2591 516 2618 25³.
538 2591 750 2623 Badnlini,
776 2590 818 2623 C.,
841 2591 872 2618 R.
893 2599 921 2616 u.
947 2591 992 2624 S.;
1018 2592 1167 2626 Belike,
1194 2591 1310 2617 sijdlich
1331 2599 1387 2617 von
1413 2591 1496 2624 Lipp-

225 2638 320 2672 stadtg
341 2647 365 2663 s.
389 2638 449 2664 Ρη.
488 2638 548 2664 259.
571 2639 867 2669 innumerosas,
887 2636 944 2672 M.;
973 2639 1293 2670 innumerososs,
1315 2637 1366 2671 P.;
1390 2644 1493 2671 quam

223 2692 458 2718 numerosast
482 2684 521 2716 C.,
556 2684 588 2711 R.
614 2692 648 2709 ,ιι.
678 2683 707 2710 S.
745 2683 805 2710 ¹270.
839 2682 1006 2718 dolenti,
1037 2684 1077 2718 C.,
1111 2684 1142 2711 R.
1176 2691 1204 2709 u.
1234 2682 1263 2708 S.
