1702 2939
611 244 924 285 —139—

215 363 403 404 serunt
445 359 494 405 in
540 359 755 405 scientia
797 360 1092 407 sublimiori.
1167 360 1276 406 Nec
1318 359 1452 405 enim

216 439 392 480 tantae
449 450 561 480 sum
619 433 927 494 jactantiae,
977 440 1029 481 ut
1071 435 1154 481 vel
1204 435 1454 481 extremis

221 525 301 555 me
342 525 671 570 praesumam
716 511 954 556 conferre
998 515 1260 556 auctorum
1301 511 1457 556 alum-

217 586 312 643 nis,
347 586 439 630 sed
473 586 566 631 hoc
599 586 763 631 solum
798 587 953 644 nitor,
986 591 1063 644 ut,
1098 587 1213 632 licet
1242 586 1458 632 nullate-

211 676 308 705 nus
351 661 551 706 valeam
595 665 741 721 apte,
786 662 1003 722 supplici
1048 666 1221 708 tamen
1270 663 1455 707 mentis

207 736 484 782 devotione
508 743 773 797 acceptum
797 737 848 782 in
872 738 1102 783 datorem
1127 742 1454 797 retorqueam

211 812 492 871 ingenium.
554 813 780 873 Ideoque
808 828 909 858 non
940 830 1050 859 sum
1077 814 1206 859 adeo
1235 814 1456 858 amatrix

224 887 340 945 mei,
374 892 428 933 ut
450 904 541 948 pro
566 889 775 933 vitanda
798 890 1226 948 reprehensione,
1251 889 1456 946 Christi,

214 965 297 1025 qui
331 965 380 1009 in
413 965 604 1009 sanctis
634 969 895 1024 operatur,
929 965 1188 1022 virtutem,
1221 978 1458 1024 quocum-

214 1055 312 1100 que
336 1049 369 1095 ⁹)
403 1040 514 1099 ipse
549 1040 688 1084 dabit
718 1055 891 1099 posse?
914 1055 1114 1085 cessem
1139 1039 1455 1099 praedicare.

217 1117 271 1161 Si
305 1116 438 1161 enim
482 1116 630 1160 alicui
674 1116 844 1175 placet
896 1130 1010 1160 mea
1053 1115 1285 1172 devotio,
1336 1128 1458 1174 gau-

219 1192 377 1248 debo,
422 1191 464 1235 si
509 1195 706 1248 autem,
750 1191 833 1235 vel
872 1207 965 1251 pro
1010 1191 1109 1235 mei
1153 1188 1456 1247 abjectione,

214 1267 298 1312 vel
349 1282 441 1326 pro
484 1267 657 1311 vitiosi
709 1267 965 1311 sermonis
1000 1266 1299 1322 rusticitate,
1334 1265 1455 1309 nulli

211 1343 405 1404 placet,
459 1347 647 1387 memet
681 1343 844 1402 ipsam
889 1347 1062 1387 tumen
1099 1339 1277 1400 juvat,
1324 1339 1457 1399 quod

218 1419 333 1476 feci,
362 1419 495 1479 quia,
520 1418 636 1463 dum
669 1418 860 1477 proprii
895 1418 1139 1462 vilitatem
1175 1415 1383 1471 laboris,
1408 1415 1458 1459 in

220 1493 333 1539 aliis
361 1509 508 1539 meae
537 1493 840 1538 inscientiae
876 1492 1137 1552 opusculis
1165 1491 1372 1536 heroico
1407 1490 1460 1534 li-

219 1577 391 1633 gatam
415 1569 726 1628 strophio5in
751 1568 844 1613 hoc
863 1567 1139 1613 dramatica
1155 1568 1203 1619 ¹⁰)
1228 1565 1458 1626 junctam

230 1647 368 1692 serie
403 1644 531 1700 colo,
578 1643 898 1704 perniciosas
946 1642 1212 1703 gentilium
1250 1640 1459 1686 delicias

220 1720 526 1768 abstinendo
560 1719 728 1764 divito.
754 1719 801 1770 ¹¹)

117 1891 151 1939 9)
182 1890 265 1940 Mg.
298 1890 404 1927 setzt
443 1898 767 1937 quocumque
812 1886 873 1923 bis
915 1897 1069 1936 posse
1115 1883 1154 1921 in
1194 1882 1461 1921 Parenthese.

126 1948 176 1998 ¹⁰)
208 1948 247 1985 in
281 1946 355 1983 hac
387 1944 673 1982 dramatica
699 1944 956 1993 junctura
986 1941 1102 1986 serie,
1137 1939 1178 1978 (J.
1209 1953 1245 1977 u.
1280 1939 1318 1976 S.

129 2005 178 2056 ¹¹)
209 2003 252 2042 P.
283 2002 454 2040 streicht
485 2000 609 2038 (livito
640 2000 723 2037 und
755 2005 859 2037 setzt
891 2011 942 2036 an
975 1998 1053 2036 den
1084 1996 1205 2035 Rand
1236 1994 1461 2043 dimitt03

204 2059 405 2106 devito,
439 2056 496 2103 C„
528 2056 565 2095 S.
598 2070 633 2094 u.
665 2055 718 2093 M.
