1702 2939
623 248 940 292 -133—

378 810 660 864 Explicit
705 813 867 853 liber
918 814 1164 867 primuS,

86 890 286 944 incipit
324 892 614 940 secundus,
649 893 946 933 dramatica
978 895 1122 934 serie
1163 898 1458 936 contextus.

197 1108 334 1161 Hujus
373 1122 531 1147 omnem
569 1111 800 1158 materiam,
842 1111 948 1150 sicut
988 1113 1029 1150 et
1067 1111 1233 1163 prioris,
1275 1114 1459 1165 opusculi

84 1177 237 1228 sumpsi
268 1177 317 1215 ab
351 1178 526 1229 antiquis
557 1179 682 1225 libris,
725 1180 798 1217 sub
832 1179 954 1218 certis
986 1182 1200 1218 auctorum
1229 1181 1458 1220 nominibus

84 1245 335 1296 conscriptis,
351 1248 534 1297 'excepta
566 1247 754 1298 superius
772 1247 801 1298 ¹)
830 1243 986 1299 ¹scripta
1016 1248 1205 1299 passione
1226 1249 1357 1287 saneti
1380 1249 1457 1288 Pe-

81 1314 191 1365 lagii,
223 1315 338 1365 cujus
373 1314 521 1352 seriem
542 1314 576 1365 ²)
607 1315 793 1366 martyrii
825 1315 988 1366 quidam
1021 1316 1216 1367 ejusdem,
1251 1317 1291 1355 in
1310 1317 1342 1369 ³)
1378 1330 1458 1369 qua

81 1395 228 1434 passus
270 1384 353 1428 est,
400 1382 596 1433 indigena
639 1382 815 1421 civitatis
856 1383 952 1421 mihi
984 1384 1185 1435 exposuit,
1227 1385 1295 1436 qui
1325 1385 1459 1437 ipsum

80 1449 399 1502 pulcherrimum
438 1450 619 1489 virorum
657 1464 701 1488 se
741 1451 894 1489 vidisse
913 1451 948 1503 4)
990 1454 1031 1490 et
1069 1452 1225 1490 exitum
1252 1453 1314 1491 rei
1354 1457 1456 1493 atte-

81 1521 213 1557 status
248 1521 311 1556 est
341 1519 547 1557 veraciter
578 1519 809 1569 agnovisse.
840 1519 971 1567 Unde,
993 1518 1141 1571 siquid
1163 1520 1204 1558 in
1235 1523 1409 1573 utroque
1423 1521 1455 1574 ⁵)

81 1586 270 1625 falsitatis
302 1586 490 1625 dictando
523 1588 823 1638 comprehendi,
861 1601 942 1626 non
984 1601 1038 1626 ex
1077 1601 1166 1628 meo
1206 1589 1348 1638 fefelli,
1381 1590 1455 1629 sed

83 1654 275 1692 fallentes
306 1654 468 1693 incaute
499 1654 654 1693 imitata
685 1655 754 1694 fui.

119 1813 147 1846 1)
167 1819 314 1844 supenu
329 1821 360 1843 s,
382 1811 422 1837 M.
443 1819 472 1838 u.
496 1811 527 1838 P.
565 1814 597 1844 2)
618 1811 704 1842 anus
725 1819 851 1837 senem
872 1813 1046 1847 martini,
1067 1813 1126 1846 M.;
1149 1814 1258 1839 cbenso
1282 1815 1453 1849 urspriiugl.

201 1857 232 1882 P.
257 1858 288 1889 3)
311 1858 342 1882 in
372 1865 446 1890 qna,
483 1857 556 1882 fehlt
577 1858 603 1882 b.
625 1857 755 1891 Magni-1.
794 1857 828 1891 41
849 1858 905 1883 Der
923 1858 1050 1884 Schnuss
1080 1867 1135 1884 von
1168 1860 1277 1885 vidisse
1309 1868 1345 1885 an
1378 1860 1455 1885 fehlt

204 1903 232 1928 in
253 1903 304 1939 P.;
334 1903 385 1929 das
411 1903 498 1929 letne
518 1902 596 1928 matt
624 1904 662 1928 ist
691 1903 997 1938 heransgeschnitten.
1035 1906 1068 1940 5)
1088 1906 1115 1930 in
1138 1905 1238 1939 illis,
1265 1906 1306 1940 C.,
1327 1905 1357 1932 S.
1373 1914 1400 1931 u.
1414 1905 1454 1931 M.
