1702 2939
782 220 1061 264 ..30-

356 338 536 390 Aegypti
567 338 756 377 tenebras
786 339 951 391 propria
981 351 1058 391 quo
1088 338 1179 376 lucc
1210 339 1395 376 vetustas

356 405 452 445 Mox
486 407 717 452 illustraret,
748 421 820 459 per
849 422 893 446 se
923 407 1164 460 penitusque
1197 406 1370 457 fugaret.

412 475 591 527 Contigit
621 487 720 527 ergo
751 476 816 515 die
847 476 1030 528 quadam,
1060 475 1318 526 requiescere
1348 473 1457 513 velle

356 543 484 582 Juxta
514 544 748 596 speluncam
780 549 960 584 sanctam
990 558 1080 584 eum
1110 544 1224 597 prole
1251 542 1432 582 Mariam.

244 609 334 651 705.
353 611 468 657 Quae
500 618 563 652 sat
593 613 710 657 lassa..
743 614 876 653 suerat
903 627 992 652 vum
1025 614 1127 652 sorte
1158 613 1302 660 locata,

358 679 522 721 Scilicet
552 682 591 721 in
623 683 776 734 gremio
808 683 949 722 Jcsum
978 682 1086 720 molli
1118 680 1352 726 refovendo,

355 748 475 789 Multi
505 751 707 791 terribiles
739 752 964 804 procedunt
993 765 1165 803 namque
1197 751 1394 789 dracones

355 818 421 858 Ex
453 820 525 858 hae
557 821 762 873 spelunca,
794 834 865 873 pro
897 834 976 872 qua
1007 821 1083 859 suit
1112 820 1198 873 ipsa
1229 820 1371 867 locata,

357 887 471 933 Quos
501 888 654 941 Joseph
684 880 1056 942 p11e1·i*001·nontes‚
1089 887 1361 941 obstupefacti

246 953 336 994 710.
355 955 586 1010 Coeperunt
616 962 728 997 certe
758 971 905 1009 magno
937 959 1112 997 clamare
1142 957 1294 1005 timore,

356 1026 412 1064 At
442 1039 543 1078 puer
573 1040 595 1065 e
626 1028 779 1078 gremio
810 1027 948 1066 matris
979 1027 1161 1066 surrexit
1190 1025 1371 1072 amando,

359 1094 492 1138 Jesus.
525 1108 690 1134 sacrans
721 1097 854 1134 stabat
884 1096 991 1135 mitis
1022 1109 1180 1149 quoque
1211 1094 1362 1147 plantis

359 1162 510 1202 Contra
541 1164 776 1203 frendentes
807 1166 968 1203 turbata
999 1167 1133 1203 mente
1165 1164 1373 1209 draconeS‚

359 1231 439 1276 Qui
469 1233 599 1271 subito
629 1233 744 1285 proni
776 1233 1010 1273 ceciderunt
1039 1231 1315 1280 mansuefacti,

249 1297 532 1340 715.O1·antes
563 1302 696 1341 tacitis
728 1303 923 1342 factorem
950 1303 1114 1342 nutibus
1145 1303 1263 1350 orbis,

360 1368 548 1422 Ipseque,
581 1371 815 1422 digrediens
847 1371 970 1411 eremi
1001 1385 1075 1424 per
1106 1371 1226 1409 devia
1256 1369 1373 1417 vasti,

359 1436 458 1477 Illos
489 1441 723 1491 praecessit,
755 1441 916 1492 sequier
947 1453 1038 1479 sese
1070 1452 1228 1492 quoque
1254 1437 1385 1491 jussit.

416 1506 518 1555 Quo,
550 1507 714 1561 Joseph‚
746 1510 844 1556 viso,
877 1509 1057 1560 genitrix
1087 1507 1316 1559 Christique
1346 1506 1516 1551 saerata,

359 1574 592 1624 Exanimes,
624 1578 794 1628 fragiles
824 1591 898 1631 pro
930 1577 1222 1617 consuetudine
1252 1574 1386 1615 carnis

251 1640 341 1682 7:20.
362 1643 489 1693 Facti,
521 1650 584 1684 sat
613 1647 798 1698 pavitant
828 1660 1000 1699 puerum
1029 1645 1217 1697 laedique
1247 1644 1452 1683 timebant.

359 1712 455 1765 Ipse
486 1714 570 1762 sed,
603 1714 807 1768 inspector
837 1715 993 1762 mentis,
1024 1715 1141 1754 testis
1172 1725 1332 1766 quoque
1363 1710 1507 1758 cordis,

358 1780 486 1821 Haec.
504 1796 701 1836 responsa
731 1784 853 1833 dedit,
884 1783 1032 1823 timidis
1064 1795 1287 1823 conversus
1318 1784 1359 1820 et
1386 1777 1536 1832 inquit:

360 1851 525 1898 „Quare
558 1853 756 1892 lactantes
787 1856 943 1893 tantum
973 1852 1198 1892 tractabitis
1229 1854 1341 1890 artus

363 1918 436 1966 „In
467 1933 542 1967 me,
573 1921 764 1960 virtutem
795 1922 935 1975 eapitis
967 1934 1041 1966 nec
1070 1923 1205 1960 mente
1234 1917 1488 1973 perennem?

338 1986 584 2034 ,Quamvis
614 1990 797 2029 humanis
827 1991 900 2029 sim
931 2003 1082 2043 parvus
1112 1988 1323 2028 homuncio
1352 1985 1553 2031 membris,

362 2055 464 2104 „Yir
494 2062 627 2097 tamen
659 2060 909 2112 omnipotens
940 2073 1093 2099 summo
1124 2071 1212 2098 sum
1241 2055 1405 2096 numine
1436 2053 1606 2107 pollens,

362 2123 595 2172 „Condeect
624 2130 758 2179 atque,
790 2128 900 2167 seras
931 2129 1058 2167 silvae
1087 2137 1372 2167 mansuescere
1403 2124 1569 2162 cunetas

363 2192 456 2242 „Me
488 2208 634 2244 eoram,
664 2196 776 2236 rabie
807 2197 971 2236 dimissa
1000 2197 1076 2237 rite
1106 2196 1278 2250 priore.“

420 2262 519 2302 Post
548 2265 649 2304 haee
678 2266 956 2317 magnanimes
987 2279 1077 2305 eum
1097 2265 1236 2319 pardis
1265 2272 1438 2313 namque
1468 2259 1608 2298 leones

254 2326 344 2368 730.
361 2329 529 2371 Nec-non
560 2335 827 2385 cunctigenae
859 2338 1064 2374 venerunt
1092 2333 1267 2385 undique
1296 2332 1439 2378 lectae,

364 2398 420 2440 Ut
449 2413 630 2449 sensere,
660 2402 746 2441 fore
775 2403 929 2455 prolem
958 2402 1141 2442 Faetoris
1170 2401 1327 2450 adesse,

364 2467 539 2509 Orantes
569 2483 741 2524 puerum
770 2471 983 2511 subimissa
1012 2484 1112 2512 voce
1142 2469 1349 2519 tenellum,

254 1983 335 2023 725

282 2651 344 2678 TOE.
366 2659 454 2685 prae
475 2659 541 2686 qua,
565 2651 596 2680 C.
617 2660 645 2678 u.
668 2651 982 2686 §.712-22111212,
1005 2653 1034 2680 C.
1057 2661 1084 2680 u.
1107 2653 1136 2679 S.
1175 2651 1232 2679 7¹8.
1253 2650 1361 2684 vinu,
1382 2649 1414 2676 C.
1434 2656 1463 2676 ιι.
1482 2647 1512 2676 S.

373 2697 670 2734 723.1aet,entes‚
695 2698 723 2725 C.
746 2707 773 2726 u.
796 2698 826 2727 S.
866 2699 924 2726 7³2.
944 2700 1010 2725 nub
1030 2700 1144 2728 missa
1162 2705 1242 2733 voce,
1262 2696 1293 2724 C.
1313 2704 1342 2725 ιι.
1363 2694 1411 2729 S,;
1433 2702 1459 2725 ι.
1477 2695 1540 2728 815.
