1702 2939
783 203 1097 246 —310—

260 321 325 362 95.
371 321 660 373 Conrcgnante
691 333 764 359 sua
796 320 995 360 Mathilda
1027 321 1200 372 conjuge
1233 320 1354 364 clara,

377 390 450 430 Cui
482 403 588 429 nune
621 390 658 428 in
691 403 820 441 regno
852 403 930 427 non
964 389 1289 441 compensabitur
1321 389 1413 436 ulla,

373 459 489 504 Quae
522 462 661 511 posset
691 458 845 496 meritis
877 458 986 496 illam
1017 470 1212 510 superare
1245 457 1456 510 supremis

371 573 495 612 Trina
526 572 670 624 quibus
702 572 841 611 Deitas
873 571 1044 610 dederat
1074 575 1157 611 tres
1189 571 1363 623 denique
1393 574 1522 620 natos,

373 640 464 680 Jam
496 645 605 687 tunc,
639 640 747 679 felici
778 640 1028 692 disponendo
1060 640 1124 692 pie
1157 640 1282 691 genti,

261 707 351 749 100.
373 709 436 749 Xe
467 713 559 761 post
588 708 755 748 Henrici
787 714 968 757 mortem,
1001 709 1111 759 regis
1143 708 1380 756 venerandi,

369 777 592 830 Imperium
623 776 741 827 regni
773 777 878 815 male
910 777 1165 829 surriperent
1195 777 1399 825 scelerosi,

369 845 424 884 Hi
455 845 527 884 sed
558 845 712 897 regalis
743 845 826 884 nati
858 845 908 883 de
940 845 1123 896 germine
1155 845 1292 897 stirpis

369 914 595 954 Rexissent
624 927 799 965 regnum
830 914 1018 953 concordi
1050 926 1149 966 pace
1180 919 1416 965 paternum3

372 982 569 1028 Quamvis
601 982 815 1021 dissimiles
846 981 908 1021 his
940 984 1207 1021 servarentur
1237 981 1423 1030 honores,

258 1049 349 1091 105.
366 1051 479 1090 Binis
509 1050 703 1103 regnanti
731 1050 926 1103 subjectis
958 1050 1112 1089 scilieet
1142 1049 1221 1089 uni.

367 1164 484 1204 Inter
515 1177 616 1217 quos
646 1164 800 1217 primus
832 1163 945 1203 fulsit
976 1176 1051 1203 ceu
1082 1163 1228 1202 lucifer
1259 1166 1372 1202 ortus

370 1233 498 1281 Oddo,
529 1233 682 1272 micans
712 1233 836 1272 radiis
866 1232 1032 1272 nimium
1062 1232 1196 1271 elarae
1227 1232 1429 1282 bonitatis,

371 1300 516 1342 Gratia
545 1315 666 1354 quem
695 1302 808 1353 regis
840 1301 958 1340 solita
988 1301 1140 1353 pietate
1171 1301 1366 1353 perennis

373 1369 593 1409 Rectorem
623 1370 731 1422 plebi
762 1370 966 1423 praevidit
994 1370 1070 1409 rite
1102 1370 1221 1408 fideli.

259 1437 349 1479 110.
370 1438 449 1478 Hie
479 1442 614 1478 aetate
646 1439 755 1491 prior
786 1439 933 1487 fuerat,
965 1438 1119 1478 meritis
1151 1451 1310 1490 quoque
1346 1439 1487 1490 major,

368 1505 590 1558 Congruus
621 1513 662 1546 et
693 1507 865 1560 sceptris
897 1507 1089 1546 defuncto
1120 1510 1237 1559 patre
1268 1506 1472 1557 gerendis.

368 1575 460 1614 Non
492 1588 593 1628 opus
625 1579 700 1622 est,
730 1576 867 1614 verbis
899 1576 986 1627 ejus
1018 1587 1213 1614 summam
1243 1574 1466 1630 probitatis

366 1643 526 1691 Dicere,
557 1644 625 1682 vel
656 1643 771 1696 pueri
801 1644 991 1682 meritum
1020 1643 1225 1682 laudabile
1255 1643 1369 1691 tanti,

370 1710 442 1751 Cui
475 1710 662 1751 Christus
693 1712 815 1751 talem
840 1713 925 1764 jam
955 1725 1062 1751 nune
1093 1712 1276 1764 augessit
1306 1712 1512 1760 honorem,

255 1778 347 1821 115.
369 1780 558 1820 Possidet
587 1783 632 1819 ut
661 1780 833 1819 Romam
862 1781 1030 1833 pollenti
1062 1781 1155 1833 jure
1186 1781 1415 1832 superbam,

366 1848 484 1893 Quae
514 1861 675 1901 semper
705 1849 862 1888 stabilis
893 1862 1093 1888 summum
1124 1848 1259 1888 fuerat
1288 1850 1410 1900 eaput
1441 1846 1562 1896 orbis,

363 1915 540 1955 Edomat
571 1919 612 1955 et
641 1921 800 1967 gentes,
833 1915 992 1956 Christo
1024 1917 1202 1965 favente,
1232 1917 1404 1965 feroces,

369 1983 488 2029 Quae
519 1984 631 2036 prius
663 1984 879 2023 ecelesiam
909 1985 1116 2023 laniabant
1147 1996 1269 2036 saepe
1301 1986 1512 2024 sacratam.

365 2052 465 2092 Post
494 2052 602 2091 hunc
631 2052 836 2092 Henrieus
868 2053 1003 2092 suerat
1033 2053 1207 2092 feliciter
1238 2055 1362 2100 ortus,

252 2118 342 2160 120.
366 2120 633 2173 Inpositoque
664 2121 792 2173 patris
823 2121 1002 2161 famosus
1032 2122 1193 2160 nomine
1229 2121 1353 2172 regis,

365 2189 545 2228 Provida
575 2202 695 2241 quem
726 2189 886 2229 Domini
916 2190 1070 2242 pariter
1101 2189 1300 2241 sapientia
1330 2188 1480 2228 Christi

367 2256 572 2308 Dignatur
603 2269 772 2296 servare
803 2257 948 2297 ducem
977 2258 1126 2310 populo
1156 2259 1260 2297 bene
1291 2257 1449 2306 fortem,

362 2323 548 2376 Belliger
579 2328 624 2364 ut
654 2326 783 2373 fortis,
814 2326 910 2365 belli
941 2326 1196 2364 doctissimus
1227 2325 1338 2373 artis,

360 2392 541 2432 Fortiter
573 2393 786 2432 ecelesiam
816 2394 1094 2446 praemuniret
1123 2394 1411 2442 venerandam,

249 2458 340 2500 125.
365 2459 450 2500 Ceu
480 2473 621 2500 murus
647 2462 794 2514 jaculis
825 2463 991 2502 obstans
1022 2462 1265 2502 fortissimus
1295 2461 1432 2501 hostis.

285 2571 340 2599 1⁰4.
362 2571 453 2605 hiis,
477 2571 509 2597 R.
549 2572 606 2598 106.
632 2571 690 2597 Der
709 2571 779 2600 eod.
809 2573 857 2598 hat
887 2573 970 2599 einen
996 2574 1115 2600 Absatz.
1163 2572 1220 2600 114.
1240 2573 1432 2607 augescit,
1453 2571 1495 2605 C.2
1515 2570 1557 2604 S.,
1578 2571 1610 2598 R.

357 2625 385 2643 u.
405 2617 486 2652 Ptz.;
507 2616 596 2651 vergi.
621 2617 838 2652 lucensere,
864 2618 894 2644 L.
922 2619 942 2646 1.
965 2618 1037 2647 Mar.
1066 2619 1138 2654 2103
1161 2619 1192 2644 L.
1218 2618 1248 2644 ΙΙ.
1269 2617 1376 2644 Abrah.
1401 2616 1429 2644 S.
1450 2617 1512 2645 2:33.
1534 2617 1608 2644 Note

355 2663 400 2690 59.
440 2663 495 2690 1¹10.
517 2663 669 2696 famoso,
696 2662 738 2696 C.,
763 2662 791 2691 fi.
813 2672 841 2691 n.
863 2663 894 2691 R.
