1702 2939
349 731 492 790 Unica
523 763 610 801 spes
639 751 782 798 mundi,
816 751 1048 790 dominatrix
1084 750 1224 803 inclyta
1257 751 1365 799 coeli,

409 829 549 869 Sancta
582 843 721 880 parens
756 830 887 884 Regis,
921 830 1044 868 lurida
1077 830 1186 869 stella
1219 834 1350 880 maris,

238 909 299 950 11».
346 909 452 957 Quae
483 913 637 960 pariens
671 911 812 949 mundo
846 912 1085 957 restaurasti,
1119 913 1181 960 pia
1213 909 1347 962 Virgo,

405 989 554 1037 Yitatn,
587 1003 700 1041 quam
735 992 843 1041 virgo
876 990 1093 1039 perdiderat
1125 989 1263 1039 vetula,

349 1069 409 1107 Tu
443 1070 603 1121 dignare
635 1077 722 1108 tuae.
755 1068 921 1108 famulae
953 1068 1158 1108 clementer
1189 1071 1340 1119 adesse,

408 1147 665 1187 Hrotsvithae
697 1151 798 1187 votis
831 1148 1129 1200 carminulisque
1161 1151 1286 1198 novis,

351 1227 458 1274 Quae
490 1229 572 1276 tibi,
606 1227 794 1267 femineae
826 1230 954 1267 studio
987 1227 1197 1267 famulante
1229 1241 1424 1278 camenae,

234 1307 303 1349 20.
407 1307 496 1347 Jam
530 1307 688 1358 supplex
719 1308 887 1349 modulis
921 1311 1078 1347 succino
1110 1308 1326 1360 dactylicis,

348 1387 559 1438 Emptam,
593 1387 650 1426 vel
684 1391 907 1427 summatim
940 1391 1128 1439 attingere
1160 1387 1287 1427 saltim

405 1466 550 1506 Laudis
583 1467 822 1517 particulam,
854 1466 991 1516 Virgo,
1026 1474 1119 1507 tuae
1151 1470 1367 1517 minimam,

349 1547 469 1585 Oitus
502 1553 614 1598 atquc
647 1549 698 1586 tui
732 1548 942 1596 primordia
974 1546 1076 1586 clara
1110 1548 1208 1587 beati

407 1626 565 1665 Necnon
597 1625 763 1678 regalem
796 1639 964 1677 pangere
996 1629 1229 1678 progeniem.

235 1707 303 1748 25.
350 1707 437 1746 1100
469 1713 596 1746 tamen
629 1717 817 1757 agnosco,
850 1705 1006 1756 fragiles
1039 1707 1218 1744 excedere
1250 1707 1364 1755 vires,

407 1785 458 1826 l't
491 1793 670 1836 temptem
704 1786 813 1825 laude
845 1792 882 1824 te
912 1788 1048 1824 merita
1080 1797 1229 1833 canere,

351 1866 477 1917 Digne
508 1877 576 1915 pro
608 1867 756 1903 meritis
787 1878 899 1917 quam
934 1871 1036 1903 totus
1069 1878 1142 1904 non
1177 1867 1278 1904 canit
1310 1866 1428 1914 orbis,

409 1947 590 1996 Quaeque
622 1957 738 1994 super
769 1944 900 1983 laudes
932 1944 1128 1995 angelicas
1160 1947 1317 1993 renites,

350 2025 465 2063 llnnc
496 2026 584 2075 qnia
615 2026 788 2073 virgineo
821 2027 981 2073 portasti
1016 2030 1146 2062 ventre
1179 2024 1303 2074 puella

236 2104 302 2145 30.
407 2103 613 2151 Inclusum,
647 2110 781 2142 cuneta
813 2106 874 2155 qui
907 2107 1004 2155 regit
1036 2107 1211 2154 imperio.

350 2183 454 2223 Olim
487 2184 554 2222 sed
588 2182 744 2222 stultum
778 2183 850 2222 fari
884 2186 945 2235 qui
973 2182 1095 2237 jussit
1126 2182 1286 2222 asellum

408 2263 450 2301 In
483 2263 632 2301 laudem
666 2265 788 2302 sancti
821 2266 988 2302 nominis
1023 2262 1084 2301 illo
1117 2265 1190 2311 sui,

352 2342 485 2394 Teque
515 2356 582 2392 per
613 2343 826 2395 angelicum
858 2342 961 2392 fecit,
994 2341 1243 2394 Yirguncula,
1277 2342 1434 2382 verbum

392 2423 467 2468 ,De
498 2429 631 2462 sancto
663 2423 778 2475 digne
810 2421 983 2462 Flamine
1015 2425 1226 2473 concipere,

278 2605 313 2631 15.
337 2611 487 2636 parens,
508 2602 546 2627 M.
569 2611 596 2627 u.
622 2601 651 2627 S.
672 2601 760 2634 vrrgl⁴
785 2600 816 2626 V.
841 2602 894 2628 1137.
933 2601 974 2629 26.
999 2601 1184 2626 Laudibus
1213 2604 1249 2626 nt
1275 2605 1408 2627 tentem
1437 2603 1471 2626 te
1500 2603 1598 2628 meri-

326 2651 373 2675 ti·
398 2657 548 2682 canere,
578 2647 609 2674 C.
630 2657 656 2674 u.
680 2647 709 2675 S,
749 2649 792 2675 29.
818 2648 920 2681 hinc,
945 2648 974 2672 (“.
996 2656 1023 2674 n.
1048 2647 1076 2673 S.
1113 2648 1155 2675 33.
1177 2649 1319 2682 verbis,
1340 2647 1380 2675 M.
1401 2656 1428 2673 u.
1449 2647 1480 2674 P.
