1702 2939
742 205 1055 248 ..284-

744 321 1065 361 Hadrianus.

221 392 398 439 Faciam,
431 403 534 443 quae
565 391 752 431 hortaris.
799 380 806 387 ’

750 459 1057 498 Antiochus,

214 529 278 568 lta
309 529 469 567 demum
499 527 770 581 praevalebis.

737 595 1061 641 Hadrianus.

215 666 361 713 Fidem
394 665 555 703 intuere
587 664 863 703 venerabilem
893 676 1066 715 magnae
1099 663 1255 702 Dianae
1295 661 1512 714 imaginem
1543 663 1588 702 et

216 735 280 774 ser
310 746 452 773 sacrae
483 733 596 772 Deae
627 733 829 779 libamina,
861 745 939 784 quo
970 731 1102 784 possis
1133 731 1193 771 uti
1222 731 1311 783 ejus
1344 730 1490 783 gratia.

812 800 982 840 Fides.

215 871 249 910 O
284 871 456 910 stultum
485 870 742 923 imperatoris
773 872 1059 922 praeceptum,
1096 867 1202 907 omni
1234 868 1467 920 contemptu
1498 865 1586 918 dig-

219 942 340 978 nuni!

739 994 1061 1033 Hadrianus.

217 1065 323 1110 Quid
343 1076 571 1104 murmuras
591 1062 877 1102 subsannando
890 1064 909 1101 P
943 1062 1074 1107 Quem
1090 1061 1236 1101 irrides
1252 1061 1387 1100 fronte
1401 1071 1554 1112 rugosa
1566 1060 1587 1099 Ρ

819 1130 873 1169 Fi
886 1130 910 1168 d
925 1144 945 1168 e
958 1143 988 1169 s.

215 1201 293 1240 Tui
330 1201 543 1241 stultitiam
573 1199 735 1247 irrideo,
768 1199 826 1238 tui
858 1199 1131 1251 insipientiam
1161 1198 1376 1237 subsanno.

739 1267 779 1307 H
793 1280 817 1306 a
829 1268 853 1306 d
866 1281 885 1306 r
898 1267 909 1306 i
921 1280 944 1306 a
956 1281 980 1305 n
994 1280 1019 1306 u
1032 1280 1062 1306 s,

216 1326 332 1367 Mei?

820 1381 989 1422 Fide&

219 1441 307 1480 Tui.

752 1496 912 1536 Antio
928 1495 1066 1535 chus.

216 1554 483 1608 Imperatoris
495 1555 515 1593 ¹?

820 1609 854 1649 F
867 1609 878 1648 i
891 1609 947 1648 de
960 1622 990 1648 s,

221 1668 371 1721 Ipsius,

753 1724 790 1763 A
803 1737 827 1762 n
841 1724 910 1764 tio
923 1737 944 1763 c
957 1724 982 1762 h
996 1737 1021 1763 u
1034 1736 1063 1763 S.

221 1782 254 1822 O
286 1783 423 1821 nefas!

821 1838 989 1877 Fides.

225 1908 333 1953 Quid
365 1908 470 1946 enini
503 1907 681 1955 stultius,
714 1907 807 1959 quid
841 1905 1097 1958 insipientius
1121 1904 1252 1944 videri
1281 1906 1437 1957 potest,
1470 1914 1589 1955 quam

227 1976 333 2028 quod
366 1976 551 2014 hortatur
582 1988 667 2023 nos,
699 1978 929 2026 contempto
961 1974 1155 2013 Creatore
1186 1971 1487 2020 univcrsitatis,
1518 1983 1589 2010 ve-

221 2044 476 2083 nerationem
507 2043 660 2082 inferre
691 2043 894 2082 metallis?

752 2111 788 2150 A
799 2125 824 2149 n
838 2114 853 2150 t
865 2111 876 2150 i
887 2124 908 2150 0
920 2124 941 2149 c
952 2111 978 2149 h
991 2124 1015 2149 u
1027 2125 1058 2150 s.

223 2170 358 2218 Fides,
392 2169 555 2208 insanis.
573 2169 625 2220 ³⁵)

820 2225 854 2264 F
869 2225 880 2263 i
893 2225 916 2263 d
931 2238 952 2264 e
965 2238 995 2264 s.

224 2283 437 2331 Antioche,
470 2283 662 2322 mentiris.

752 2339 787 2378 A
799 2353 823 2377 n
838 2339 910 2378 tio
924 2352 944 2378 c
956 2339 981 2378 h
993 2353 1019 2378 u
1032 2352 1062 2377 s.

222 2409 367 2448 Nonne
398 2409 499 2447 haec
529 2421 683 2447 summa
715 2407 872 2446 insania
903 2411 944 2446 ct
974 2419 1123 2458 magna
1153 2410 1217 2445 est
1237 2404 1452 2453 dementia,
1483 2403 1590 2456 quod

224 2491 359 2516 rerum
391 2477 613 2529 principem
645 2476 781 2515 dixisti
814 2476 1102 2528 insipientem?

258 2623 309 2657 ³5)
331 2622 383 2647 nie
405 2622 517 2648 Ani-ede
536 2622 588 2648 de·
611 2622 788 2649 Antiochus:
827 2621 951 2653 Fides,
971 2619 1139 2652 insanin,
1159 2618 1218 2644 und
1239 2617 1284 2644 die
1306 2616 1518 2651 Erwiedernng
1539 2617 1590 2643 der

329 2668 430 2695 rides:
455 2667 667 2701 Antioche.
688 2667 884 2701 mentiris,
905 2665 1002 2692 femen
1028 2667 1056 2692 in
1077 2665 1107 2692 C.
1129 2673 1157 2693 u.
1181 2663 1212 2692 S.
