<?xml version="1.0" encoding="UTF-8"?>
<!DOCTYPE html PUBLIC "-//W3C//DTD XHTML 1.0 Transitional//EN"
    "http://www.w3.org/TR/xhtml1/DTD/xhtml1-transitional.dtd">
<html xmlns="http://www.w3.org/1999/xhtml" xml:lang="en" lang="en">
 <head>
  <title>
</title>
<meta http-equiv="Content-Type" content="text/html;charset=utf-8" />
  <meta name='ocr-system' content='tesseract 3.04.00' />
  <meta name='ocr-capabilities' content='ocr_page ocr_carea ocr_par ocr_line ocrx_word'/>
</head>
<body>
  <div class='ocr_page' id='page_1' title='image "./diewerke00hrotuoft_0169.png"; bbox 0 0 1702 2939; ppageno 0'>
   <div class='ocr_carea' id='block_1_1' title="bbox 619 205 901 248">
    <p class='ocr_par' dir='ltr' id='par_1_1' title="bbox 619 205 901 248">
     <span class='ocr_line' id='line_1_1' title="bbox 619 205 901 248; baseline 0.007 -11"><span class='ocrx_word' id='word_1_1' title='bbox 619 205 901 248; x_wconf 39' lang='grc' dir='ltr'>,ωψ-</span> 
     </span>
    </p>
   </div>
   <div class='ocr_carea' id='block_1_2' title="bbox 70 323 1446 2497">
    <p class='ocr_par' dir='ltr' id='par_1_2' title="bbox 70 323 1446 2497">
     <span class='ocr_line' id='line_1_2' title="bbox 251 323 1338 377; baseline 0 -13"><span class='ocrx_word' id='word_1_2' title='bbox 251 323 372 365; x_wconf 72' lang='lat' dir='ltr'>Certe</span> <span class='ocrx_word' id='word_1_3' title='bbox 402 325 494 377; x_wconf 67' lang='lat' dir='ltr'>post</span> <span class='ocrx_word' id='word_1_4' title='bbox 524 323 703 364; x_wconf 77' lang='lat' dir='ltr'>triduum</span> <span class='ocrx_word' id='word_1_5' title='bbox 734 337 877 365; x_wconf 85' lang='lat' dir='ltr'>rursus</span> <span class='ocrx_word' id='word_1_6' title='bbox 908 324 1101 365; x_wconf 72' lang='lat' dir='ltr'>veniebat</span> <span class='ocrx_word' id='word_1_7' title='bbox 1132 324 1182 364; x_wconf 90' lang='lat' dir='ltr'>ad</span> <span class='ocrx_word' id='word_1_8' title='bbox 1213 324 1338 373; x_wconf 85' lang='lat' dir='ltr'>illum,</span> 
     </span>
     <span class='ocr_line' id='line_1_3' title="bbox 198 393 1205 446; baseline 0 -14"><span class='ocrx_word' id='word_1_9' title='bbox 198 393 248 433; x_wconf 86' lang='lat' dir='ltr'>In</span> <span class='ocrx_word' id='word_1_10' title='bbox 278 394 369 432; x_wconf 76' lang='lat' dir='ltr'>visu</span> <span class='ocrx_word' id='word_1_11' title='bbox 400 393 545 432; x_wconf 80' lang='lat' dir='ltr'>veniae</span> <span class='ocrx_word' id='word_1_12' title='bbox 576 407 723 432; x_wconf 86' lang='lat' dir='ltr'>munus</span> <span class='ocrx_word' id='word_1_13' title='bbox 754 407 946 433; x_wconf 77' lang='lat' dir='ltr'>reserans</span> <span class='ocrx_word' id='word_1_14' title='bbox 978 396 1205 446; x_wconf 78' lang='lat' dir='ltr'>reparatae,</span> 
     </span>
     <span class='ocr_line' id='line_1_4' title="bbox 190 462 1120 515; baseline 0.002 -15"><span class='ocrx_word' id='word_1_15' title='bbox 190 462 243 501; x_wconf 73' lang='lat' dir='ltr'>Et</span> <span class='ocrx_word' id='word_1_16' title='bbox 272 463 390 501; x_wconf 78' lang='lat' dir='ltr'>vultu</span> <span class='ocrx_word' id='word_1_17' title='bbox 420 463 528 501; x_wconf 76' lang='lat' dir='ltr'>laeto</span> <span class='ocrx_word' id='word_1_18' title='bbox 561 463 813 515; x_wconf 75' lang='lat' dir='ltr'>deprompsit</span> <span class='ocrx_word' id='word_1_19' title='bbox 844 463 940 502; x_wconf 78' lang='lat' dir='ltr'>talia</span> <span class='ocrx_word' id='word_1_20' title='bbox 972 465 1120 502; x_wconf 67' lang='lat' dir='ltr'>verba:</span> 
     </span>
     <span class='ocr_line' id='line_1_5' title="bbox 73 528 1240 583; baseline 0 -14"><span class='ocrx_word' id='word_1_21' title='bbox 73 528 166 569; x_wconf 88' lang='lat'>350.</span> <span class='ocrx_word' id='word_1_22' title='bbox 191 530 278 579; x_wconf 83' lang='lat' dir='ltr'>„En</span> <span class='ocrx_word' id='word_1_23' title='bbox 307 531 355 569; x_wconf 84' lang='lat' dir='ltr'>tis</span> <span class='ocrx_word' id='word_1_24' title='bbox 386 530 450 569; x_wconf 87' lang='lat' dir='ltr'>vir</span> <span class='ocrx_word' id='word_1_25' title='bbox 469 531 640 577; x_wconf 90' lang='lat' dir='ltr'>Domini,</span> <span class='ocrx_word' id='word_1_26' title='bbox 672 531 800 570; x_wconf 77' lang='lat' dir='ltr'>tristis</span> <span class='ocrx_word' id='word_1_27' title='bbox 832 532 1074 583; x_wconf 84' lang='lat' dir='ltr'>conpunctio</span> <span class='ocrx_word' id='word_1_28' title='bbox 1107 531 1240 570; x_wconf 80' lang='lat' dir='ltr'>cordis</span> 
     </span>
     <span class='ocr_line' id='line_1_6' title="bbox 194 599 1278 653; baseline 0.001 -15"><span class='ocrx_word' id='word_1_29' title='bbox 194 599 294 647; x_wconf 69' lang='lat' dir='ltr'>„Est</span> <span class='ocrx_word' id='word_1_30' title='bbox 324 602 493 651; x_wconf 80' lang='lat' dir='ltr'>accepta</span> <span class='ocrx_word' id='word_1_31' title='bbox 523 599 621 647; x_wconf 79' lang='lat' dir='ltr'>Deo,</span> <span class='ocrx_word' id='word_1_32' title='bbox 653 600 842 652; x_wconf 81' lang='lat' dir='ltr'>patrique</span> <span class='ocrx_word' id='word_1_33' title='bbox 873 601 1059 652; x_wconf 84' lang='lat' dir='ltr'>prolique</span> <span class='ocrx_word' id='word_1_34' title='bbox 1094 600 1278 653; x_wconf 85' lang='lat' dir='ltr'>perenni,</span> 
     </span>
     <span class='ocr_line' id='line_1_7' title="bbox 196 668 1366 719; baseline 0.001 -13"><span class='ocrx_word' id='word_1_35' title='bbox 196 668 359 719; x_wconf 82' lang='lat' dir='ltr'>„Atque</span> <span class='ocrx_word' id='word_1_36' title='bbox 390 673 484 707; x_wconf 81' lang='lat' dir='ltr'>tuae</span> <span class='ocrx_word' id='word_1_37' title='bbox 516 668 708 707; x_wconf 80' lang='lat' dir='ltr'>lacrimae</span> <span class='ocrx_word' id='word_1_38' title='bbox 740 670 945 708; x_wconf 83' lang='lat' dir='ltr'>scelerum</span> <span class='ocrx_word' id='word_1_39' title='bbox 975 670 1139 708; x_wconf 71' lang='lat' dir='ltr'>veniam</span> <span class='ocrx_word' id='word_1_40' title='bbox 1167 682 1366 708; x_wconf 83' lang='lat' dir='ltr'>meruere.</span> 
     </span>
     <span class='ocr_line' id='line_1_8' title="bbox 188 736 1242 790; baseline -0.003 -14"><span class='ocrx_word' id='word_1_41' title='bbox 188 736 297 785; x_wconf 84' lang='lat' dir='ltr'>„Sed</span> <span class='ocrx_word' id='word_1_42' title='bbox 329 750 405 776; x_wconf 84' lang='lat' dir='ltr'>nee</span> <span class='ocrx_word' id='word_1_43' title='bbox 436 737 626 776; x_wconf 77' lang='lat' dir='ltr'>tartareis</span> <span class='ocrx_word' id='word_1_44' title='bbox 658 738 800 789; x_wconf 84' lang='lat' dir='ltr'>poenis</span> <span class='ocrx_word' id='word_1_45' title='bbox 835 751 1026 790; x_wconf 89' lang='lat' dir='ltr'>umquam</span> <span class='ocrx_word' id='word_1_46' title='bbox 1058 737 1242 790; x_wconf 80' lang='lat' dir='ltr'>capieris,</span> 
     </span>
     <span class='ocr_line' id='line_1_9' title="bbox 191 805 1380 859; baseline 0 -15"><span class='ocrx_word' id='word_1_47' title='bbox 191 805 260 853; x_wconf 79' lang='lat' dir='ltr'>„Si</span> <span class='ocrx_word' id='word_1_48' title='bbox 290 809 386 858; x_wconf 77' lang='lat' dir='ltr'>post</span> <span class='ocrx_word' id='word_1_49' title='bbox 416 806 518 844; x_wconf 85' lang='lat' dir='ltr'>haee</span> <span class='ocrx_word' id='word_1_50' title='bbox 549 808 737 858; x_wconf 79' lang='lat' dir='ltr'>perstare</span> <span class='ocrx_word' id='word_1_51' title='bbox 771 807 884 859; x_wconf 83' lang='lat' dir='ltr'>cupis</span> <span class='ocrx_word' id='word_1_52' title='bbox 917 807 1003 845; x_wconf 78' lang='lat' dir='ltr'>sine</span> <span class='ocrx_word' id='word_1_53' title='bbox 1036 807 1179 845; x_wconf 83' lang='lat' dir='ltr'>fraude</span> <span class='ocrx_word' id='word_1_54' title='bbox 1210 805 1380 844; x_wconf 78' lang='lat' dir='ltr'>ficlelis.“</span> 
     </span>
     <span class='ocr_line' id='line_1_10' title="bbox 73 872 1324 928; baseline 0 -16"><span class='ocrx_word' id='word_1_55' title='bbox 73 872 168 913; x_wconf 82' lang='lat'>355.</span> <span class='ocrx_word' id='word_1_56' title='bbox 187 874 283 926; x_wconf 85' lang='lat' dir='ltr'>Ipse</span> <span class='ocrx_word' id='word_1_57' title='bbox 317 875 479 926; x_wconf 86' lang='lat' dir='ltr'>quidem</span> <span class='ocrx_word' id='word_1_58' title='bbox 511 878 651 914; x_wconf 80' lang='lat' dir='ltr'>contra</span> <span class='ocrx_word' id='word_1_59' title='bbox 682 889 777 914; x_wconf 80' lang='lat' dir='ltr'>mox</span> <span class='ocrx_word' id='word_1_60' title='bbox 809 875 970 914; x_wconf 77' lang='lat' dir='ltr'>dicebat</span> <span class='ocrx_word' id='word_1_61' title='bbox 1000 889 1122 928; x_wconf 80' lang='lat' dir='ltr'>prece</span> <span class='ocrx_word' id='word_1_62' title='bbox 1155 874 1324 913; x_wconf 83' lang='lat' dir='ltr'>blanda:</span> 
     </span>
     <span class='ocr_line' id='line_1_11' title="bbox 194 942 1120 990; baseline 0 -8"><span class='ocrx_word' id='word_1_63' title='bbox 194 942 341 990; x_wconf 81' lang='lat' dir='ltr'>„Certe</span> <span class='ocrx_word' id='word_1_64' title='bbox 373 945 546 982; x_wconf 66' lang='lat' dir='ltr'>servabo</span> <span class='ocrx_word' id='word_1_65' title='bbox 579 956 721 982; x_wconf 81' lang='lat' dir='ltr'>sacrae</span> <span class='ocrx_word' id='word_1_66' title='bbox 753 944 847 982; x_wconf 86' lang='lat' dir='ltr'>fidei</span> <span class='ocrx_word' id='word_1_67' title='bbox 878 944 1120 983; x_wconf 76' lang='lat' dir='ltr'>documenta</span> 
     </span>
     <span class='ocr_line' id='line_1_12' title="bbox 185 1011 1446 1064; baseline -0.002 -14"><span class='ocrx_word' id='word_1_68' title='bbox 185 1011 299 1059; x_wconf 73' lang='lat' dir='ltr'>„Nee</span> <span class='ocrx_word' id='word_1_69' title='bbox 329 1014 421 1064; x_wconf 70' lang='lat' dir='ltr'>post</span> <span class='ocrx_word' id='word_1_70' title='bbox 452 1012 552 1050; x_wconf 83' lang='lat' dir='ltr'>haee</span> <span class='ocrx_word' id='word_1_71' title='bbox 582 1013 690 1051; x_wconf 82' lang='lat' dir='ltr'>ultra</span> <span class='ocrx_word' id='word_1_72' title='bbox 722 1013 826 1051; x_wconf 85' lang='lat' dir='ltr'>male</span> <span class='ocrx_word' id='word_1_73' title='bbox 857 1012 1154 1063; x_wconf 77' lang='lat' dir='ltr'>transgredior,</span> <span class='ocrx_word' id='word_1_74' title='bbox 1184 1011 1446 1062; x_wconf 77' lang='lat' dir='ltr'>neglegendo</span> 
     </span>
     <span class='ocr_line' id='line_1_13' title="bbox 190 1079 1419 1133; baseline -0.002 -14"><span class='ocrx_word' id='word_1_75' title='bbox 190 1080 445 1132; x_wconf 80' lang='lat' dir='ltr'>„Quicquam</span> <span class='ocrx_word' id='word_1_76' title='bbox 478 1081 527 1119; x_wconf 88' lang='lat' dir='ltr'>de</span> <span class='ocrx_word' id='word_1_77' title='bbox 561 1081 723 1129; x_wconf 67' lang='lat' dir='ltr'>vestris,</span> <span class='ocrx_word' id='word_1_78' title='bbox 764 1094 854 1120; x_wconf 82' lang='lat' dir='ltr'>mea</span> <span class='ocrx_word' id='word_1_79' title='bbox 884 1082 1030 1120; x_wconf 80' lang='lat' dir='ltr'>(lomna</span> <span class='ocrx_word' id='word_1_80' title='bbox 1061 1081 1252 1133; x_wconf 83' lang='lat' dir='ltr'>piissima,</span> <span class='ocrx_word' id='word_1_81' title='bbox 1281 1079 1419 1131; x_wconf 83' lang='lat' dir='ltr'>jussis,</span> 
     </span>
     <span class='ocr_line' id='line_1_14' title="bbox 185 1149 1388 1201; baseline -0.002 -14"><span class='ocrx_word' id='word_1_82' title='bbox 185 1149 270 1198; x_wconf 81' lang='lat' dir='ltr'>„Te</span> <span class='ocrx_word' id='word_1_83' title='bbox 304 1149 397 1200; x_wconf 80' lang='lat' dir='ltr'>quia</span> <span class='ocrx_word' id='word_1_84' title='bbox 428 1152 521 1201; x_wconf 74' lang='lat' dir='ltr'>post</span> <span class='ocrx_word' id='word_1_85' title='bbox 550 1149 766 1188; x_wconf 85' lang='lat' dir='ltr'>Dominum</span> <span class='ocrx_word' id='word_1_86' title='bbox 799 1150 926 1188; x_wconf 85' lang='lat' dir='ltr'>solam</span> <span class='ocrx_word' id='word_1_87' title='bbox 965 1150 1154 1188; x_wconf 82' lang='lat' dir='ltr'>conferre</span> <span class='ocrx_word' id='word_1_88' title='bbox 1186 1149 1388 1187; x_wconf 82' lang='lat' dir='ltr'>medelam</span> 
     </span>
     <span class='ocr_line' id='line_1_15' title="bbox 72 1212 1367 1270; baseline -0.002 -13"><span class='ocrx_word' id='word_1_89' title='bbox 72 1216 168 1257; x_wconf 79' lang='grc'>360.</span> <span class='ocrx_word' id='word_1_90' title='bbox 192 1217 362 1270; x_wconf 70' lang='lat' dir='ltr'>„SperQ</span> <span class='ocrx_word' id='word_1_91' title='bbox 394 1232 471 1269; x_wconf 90' lang='lat' dir='ltr'>quo</span> <span class='ocrx_word' id='word_1_92' title='bbox 503 1212 644 1270; x_wconf 83' lang='lat' dir='ltr'>poenis</span> <span class='ocrx_word' id='word_1_93' title='bbox 676 1219 882 1270; x_wconf 82' lang='lat' dir='ltr'>pabulum,</span> <span class='ocrx_word' id='word_1_94' title='bbox 914 1231 994 1256; x_wconf 85' lang='lat' dir='ltr'>non</span> <span class='ocrx_word' id='word_1_95' title='bbox 1025 1220 1193 1264; x_wconf 77' lang='lat' dir='ltr'>tartara,</span> <span class='ocrx_word' id='word_1_96' title='bbox 1225 1216 1367 1254; x_wconf 78' lang='lat' dir='ltr'>mavis.</span> 
     </span>
     <span class='ocr_line' id='line_1_16' title="bbox 185 1286 1384 1339; baseline -0.003 -14"><span class='ocrx_word' id='word_1_97' title='bbox 185 1286 294 1335; x_wconf 85' lang='lat' dir='ltr'>„Sed</span> <span class='ocrx_word' id='word_1_98' title='bbox 325 1300 404 1325; x_wconf 91' lang='lat' dir='ltr'>non</span> <span class='ocrx_word' id='word_1_99' title='bbox 437 1290 500 1326; x_wconf 74' lang='lat' dir='ltr'>est</span> <span class='ocrx_word' id='word_1_100' title='bbox 529 1287 686 1334; x_wconf 87' lang='lat' dir='ltr'>mirum,</span> <span class='ocrx_word' id='word_1_101' title='bbox 719 1300 793 1339; x_wconf 84' lang='lat' dir='ltr'>per</span> <span class='ocrx_word' id='word_1_102' title='bbox 825 1290 865 1325; x_wconf 78' lang='lat' dir='ltr'>te</span> <span class='ocrx_word' id='word_1_103' title='bbox 897 1300 960 1325; x_wconf 87' lang='lat' dir='ltr'>me</span> <span class='ocrx_word' id='word_1_104' title='bbox 987 1287 1072 1338; x_wconf 84' lang='lat' dir='ltr'>jam</span> <span class='ocrx_word' id='word_1_105' title='bbox 1096 1287 1181 1324; x_wconf 88' lang='lat' dir='ltr'>fore</span> <span class='ocrx_word' id='word_1_106' title='bbox 1214 1286 1384 1332; x_wconf 85' lang='lat' dir='ltr'>salvum,</span> 
     </span>
     <span class='ocr_line' id='line_1_17' title="bbox 185 1354 1230 1407; baseline -0.001 -14"><span class='ocrx_word' id='word_1_107' title='bbox 185 1355 291 1404; x_wconf 83' lang='lat' dir='ltr'>„Per</span> <span class='ocrx_word' id='word_1_108' title='bbox 323 1368 447 1407; x_wconf 87' lang='lat' dir='ltr'>quam</span> <span class='ocrx_word' id='word_1_109' title='bbox 479 1356 529 1393; x_wconf 88' lang='lat' dir='ltr'>de</span> <span class='ocrx_word' id='word_1_110' title='bbox 559 1355 714 1393; x_wconf 72' lang='lat' dir='ltr'>veteris</span> <span class='ocrx_word' id='word_1_111' title='bbox 746 1355 859 1394; x_wconf 81' lang='lat' dir='ltr'>letali</span> <span class='ocrx_word' id='word_1_112' title='bbox 890 1354 1057 1394; x_wconf 83' lang='lat' dir='ltr'>crimine</span> <span class='ocrx_word' id='word_1_113' title='bbox 1088 1354 1230 1393; x_wconf 82' lang='lat' dir='ltr'>matris</span> 
     </span>
     <span class='ocr_line' id='line_1_18' title="bbox 184 1422 1385 1475; baseline -0.002 -13"><span class='ocrx_word' id='word_1_114' title='bbox 184 1422 392 1472; x_wconf 86' lang='lat' dir='ltr'>‚‚Omnem,</span> <span class='ocrx_word' id='word_1_115' title='bbox 422 1424 544 1463; x_wconf 76' lang='lat' dir='ltr'>dante</span> <span class='ocrx_word' id='word_1_116' title='bbox 565 1424 664 1472; x_wconf 88' lang='lat' dir='ltr'>Deo,</span> <span class='ocrx_word' id='word_1_117' title='bbox 696 1425 892 1463; x_wconf 88' lang='lat' dir='ltr'>mundum</span> <span class='ocrx_word' id='word_1_118' title='bbox 923 1426 1036 1475; x_wconf 75' lang='lat' dir='ltr'>patet</span> <span class='ocrx_word' id='word_1_119' title='bbox 1069 1436 1160 1462; x_wconf 84' lang='lat' dir='ltr'>esse</span> <span class='ocrx_word' id='word_1_120' title='bbox 1195 1422 1385 1469; x_wconf 75' lang='lat' dir='ltr'>solutum,</span> 
     </span>
     <span class='ocr_line' id='line_1_19' title="bbox 187 1491 1392 1545; baseline -0.002 -15"><span class='ocrx_word' id='word_1_121' title='bbox 187 1491 265 1540; x_wconf 78' lang='lat' dir='ltr'>„Et</span> <span class='ocrx_word' id='word_1_122' title='bbox 297 1492 397 1544; x_wconf 86' lang='lat' dir='ltr'>quis,</span> <span class='ocrx_word' id='word_1_123' title='bbox 430 1497 470 1531; x_wconf 83' lang='lat' dir='ltr'>te</span> <span class='ocrx_word' id='word_1_124' title='bbox 498 1506 672 1545; x_wconf 83' lang='lat' dir='ltr'>poscens</span> <span class='ocrx_word' id='word_1_125' title='bbox 703 1507 788 1545; x_wconf 87' lang='lat' dir='ltr'>spe,</span> <span class='ocrx_word' id='word_1_126' title='bbox 818 1506 900 1531; x_wconf 89' lang='lat' dir='ltr'>non</span> <span class='ocrx_word' id='word_1_127' title='bbox 930 1492 1132 1543; x_wconf 87' lang='lat' dir='ltr'>dubiaque</span> <span class='ocrx_word' id='word_1_128' title='bbox 1163 1491 1392 1542; x_wconf 86' lang='lat' dir='ltr'>requirens,</span> 
     </span>
     <span class='ocr_line' id='line_1_20' title="bbox 74 1559 1188 1609; baseline 0 -11"><span class='ocrx_word' id='word_1_129' title='bbox 74 1559 167 1599; x_wconf 66' lang='lat'>065.</span> <span class='ocrx_word' id='word_1_130' title='bbox 185 1561 411 1609; x_wconf 79' lang='lat' dir='ltr'>„Desertus</span> <span class='ocrx_word' id='word_1_131' title='bbox 443 1561 590 1608; x_wconf 74' lang='lat' dir='ltr'>fuerat,</span> <span class='ocrx_word' id='word_1_132' title='bbox 621 1562 691 1600; x_wconf 83' lang='lat' dir='ltr'>vel</span> <span class='ocrx_word' id='word_1_133' title='bbox 722 1562 915 1600; x_wconf 79' lang='lat' dir='ltr'>confusus</span> <span class='ocrx_word' id='word_1_134' title='bbox 946 1561 1188 1599; x_wconf 73' lang='lat' dir='ltr'>remeabat?</span> 
     </span>
     <span class='ocr_line' id='line_1_21' title="bbox 185 1629 1239 1681; baseline -0.002 -13"><span class='ocrx_word' id='word_1_135' title='bbox 185 1629 317 1678; x_wconf 76' lang='lat' dir='ltr'>„Hinc</span> <span class='ocrx_word' id='word_1_136' title='bbox 350 1643 439 1680; x_wconf 80' lang='lat' dir='ltr'>ego,</span> <span class='ocrx_word' id='word_1_137' title='bbox 473 1629 704 1668; x_wconf 81' lang='lat' dir='ltr'>criminibus</span> <span class='ocrx_word' id='word_1_138' title='bbox 737 1632 800 1668; x_wconf 75' lang='lat' dir='ltr'>sat</span> <span class='ocrx_word' id='word_1_139' title='bbox 827 1629 1028 1681; x_wconf 80' lang='lat' dir='ltr'>supremis</span> <span class='ocrx_word' id='word_1_140' title='bbox 1059 1629 1239 1675; x_wconf 78' lang='lat' dir='ltr'>vitiatus,</span> 
     </span>
     <span class='ocr_line' id='line_1_22' title="bbox 185 1697 1254 1750; baseline -0.002 -14"><span class='ocrx_word' id='word_1_141' title='bbox 185 1697 461 1750; x_wconf 75' lang='lat' dir='ltr'>„Suppliciter</span> <span class='ocrx_word' id='word_1_142' title='bbox 492 1699 645 1737; x_wconf 80' lang='lat' dir='ltr'>fontem</span> <span class='ocrx_word' id='word_1_143' title='bbox 676 1698 825 1736; x_wconf 78' lang='lat' dir='ltr'>devota</span> <span class='ocrx_word' id='word_1_144' title='bbox 852 1701 988 1736; x_wconf 79' lang='lat' dir='ltr'>mente</span> <span class='ocrx_word' id='word_1_145' title='bbox 1018 1709 1254 1749; x_wconf 81' lang='lat' dir='ltr'>perennem,</span> 
     </span>
     <span class='ocr_line' id='line_1_23' title="bbox 186 1766 1150 1819; baseline -0.001 -14"><span class='ocrx_word' id='word_1_146' title='bbox 186 1766 331 1814; x_wconf 81' lang='lat' dir='ltr'>„Alma</span> <span class='ocrx_word' id='word_1_147' title='bbox 361 1767 437 1805; x_wconf 80' lang='lat' dir='ltr'>Dei</span> <span class='ocrx_word' id='word_1_148' title='bbox 467 1767 661 1818; x_wconf 81' lang='lat' dir='ltr'>genitrix,</span> <span class='ocrx_word' id='word_1_149' title='bbox 693 1779 819 1805; x_wconf 79' lang='lat' dir='ltr'>exoro</span> <span class='ocrx_word' id='word_1_150' title='bbox 850 1770 944 1805; x_wconf 79' lang='lat' dir='ltr'>tuae</span> <span class='ocrx_word' id='word_1_151' title='bbox 974 1766 1150 1819; x_wconf 55' lang='lat' dir='ltr'>pietatm,</span> 
     </span>
     <span class='ocr_line' id='line_1_24' title="bbox 184 1834 1237 1887; baseline -0.003 -12"><span class='ocrx_word' id='word_1_152' title='bbox 184 1835 265 1883; x_wconf 66' lang='lat' dir='ltr'>„Ut</span> <span class='ocrx_word' id='word_1_153' title='bbox 296 1836 422 1874; x_wconf 76' lang='lat' dir='ltr'>facias</span> <span class='ocrx_word' id='word_1_154' title='bbox 453 1836 619 1874; x_wconf 80' lang='lat' dir='ltr'>chartae</span> <span class='ocrx_word' id='word_1_155' title='bbox 638 1835 778 1873; x_wconf 81' lang='lat' dir='ltr'>literas</span> <span class='ocrx_word' id='word_1_156' title='bbox 798 1835 993 1887; x_wconf 79' lang='lat' dir='ltr'>extimplo</span> <span class='ocrx_word' id='word_1_157' title='bbox 1022 1834 1237 1882; x_wconf 81' lang='lat' dir='ltr'>nefandae,</span> 
     </span>
     <span class='ocr_line' id='line_1_25' title="bbox 70 1902 1068 1956; baseline -0.002 -13"><span class='ocrx_word' id='word_1_158' title='bbox 70 1902 164 1943; x_wconf 78' lang='grc'><strong>370.</strong></span> <span class='ocrx_word' id='word_1_159' title='bbox 182 1903 312 1953; x_wconf 81' lang='lat' dir='ltr'>„Quis</span> <span class='ocrx_word' id='word_1_160' title='bbox 343 1918 407 1942; x_wconf 87' lang='lat' dir='ltr'>me</span> <span class='ocrx_word' id='word_1_161' title='bbox 441 1903 635 1956; x_wconf 82' lang='lat' dir='ltr'>subjunxi</span> <span class='ocrx_word' id='word_1_162' title='bbox 664 1904 885 1942; x_wconf 78' lang='lat' dir='ltr'>vastatoris</span> <span class='ocrx_word' id='word_1_163' title='bbox 916 1903 1068 1950; x_wconf 81' lang='lat' dir='ltr'>ditioni,</span> 
     </span>
     <span class='ocr_line' id='line_1_26' title="bbox 183 1972 1323 2024; baseline -0.003 -13"><span class='ocrx_word' id='word_1_164' title='bbox 183 1973 310 2024; x_wconf 85' lang='lat' dir='ltr'>„Ejus</span> <span class='ocrx_word' id='word_1_165' title='bbox 340 1973 390 2011; x_wconf 91' lang='lat' dir='ltr'>de</span> <span class='ocrx_word' id='word_1_166' title='bbox 419 1973 604 2012; x_wconf 83' lang='lat' dir='ltr'>manibus</span> <span class='ocrx_word' id='word_1_167' title='bbox 639 1972 831 2011; x_wconf 82' lang='lat' dir='ltr'>miserum</span> <span class='ocrx_word' id='word_1_168' title='bbox 861 1986 925 2011; x_wconf 87' lang='lat' dir='ltr'>me</span> <span class='ocrx_word' id='word_1_169' title='bbox 955 1985 1117 2010; x_wconf 86' lang='lat' dir='ltr'>sumere</span> <span class='ocrx_word' id='word_1_170' title='bbox 1147 1984 1323 2017; x_wconf 87' lang='lat' dir='ltr'>rursum,</span> 
     </span>
     <span class='ocr_line' id='line_1_27' title="bbox 180 2039 1369 2092; baseline -0.003 -13"><span class='ocrx_word' id='word_1_171' title='bbox 180 2041 314 2091; x_wconf 81' lang='lat' dir='ltr'>„Hine</span> <span class='ocrx_word' id='word_1_172' title='bbox 343 2042 518 2080; x_wconf 82' lang='lat' dir='ltr'>animam</span> <span class='ocrx_word' id='word_1_173' title='bbox 549 2041 720 2080; x_wconf 84' lang='lat' dir='ltr'>formido</span> <span class='ocrx_word' id='word_1_174' title='bbox 749 2054 881 2080; x_wconf 84' lang='lat' dir='ltr'>meam</span> <span class='ocrx_word' id='word_1_175' title='bbox 911 2041 1004 2092; x_wconf 84' lang='lat' dir='ltr'>quia</span> <span class='ocrx_word' id='word_1_176' title='bbox 1033 2041 1139 2079; x_wconf 79' lang='lat' dir='ltr'>forte</span> <span class='ocrx_word' id='word_1_177' title='bbox 1168 2039 1369 2077; x_wconf 80' lang='lat' dir='ltr'>misellam</span> 
     </span>
     <span class='ocr_line' id='line_1_28' title="bbox 182 2108 1141 2161; baseline -0.001 -13"><span class='ocrx_word' id='word_1_178' title='bbox 182 2110 408 2161; x_wconf 85' lang='lat' dir='ltr'>„Tempore</span> <span class='ocrx_word' id='word_1_179' title='bbox 432 2109 573 2161; x_wconf 78' lang='lat' dir='ltr'>judieii</span> <span class='ocrx_word' id='word_1_180' title='bbox 604 2110 730 2148; x_wconf 76' lang='lat' dir='ltr'>multo</span> <span class='ocrx_word' id='word_1_181' title='bbox 760 2109 992 2148; x_wconf 76' lang='lat' dir='ltr'>discrimine</span> <span class='ocrx_word' id='word_1_182' title='bbox 1021 2108 1141 2155; x_wconf 81' lang='lat' dir='ltr'>laedi,</span> 
     </span>
     <span class='ocr_line' id='line_1_29' title="bbox 182 2175 1231 2229; baseline -0.002 -13"><span class='ocrx_word' id='word_1_183' title='bbox 182 2177 251 2226; x_wconf 77' lang='lat' dir='ltr'>„Si</span> <span class='ocrx_word' id='word_1_184' title='bbox 280 2191 387 2216; x_wconf 87' lang='grc'><strong>1111110</strong></span> <span class='ocrx_word' id='word_1_185' title='bbox 416 2178 614 2229; x_wconf 88' lang='lat' dir='ltr'>praedoni</span> <span class='ocrx_word' id='word_1_186' title='bbox 644 2191 725 2216; x_wconf 87' lang='lat' dir='ltr'>non</span> <span class='ocrx_word' id='word_1_187' title='bbox 754 2182 817 2216; x_wconf 81' lang='lat' dir='ltr'>est</span> <span class='ocrx_word' id='word_1_188' title='bbox 845 2179 1050 2216; x_wconf 74' lang='lat' dir='ltr'>abstracta</span> <span class='ocrx_word' id='word_1_189' title='bbox 1068 2175 1231 2215; x_wconf 78' lang='lat' dir='ltr'>feroci.“</span> 
     </span>
     <span class='ocr_line' id='line_1_30' title="bbox 70 2243 1226 2297; baseline -0.002 -12"><span class='ocrx_word' id='word_1_190' title='bbox 70 2243 163 2286; x_wconf 83' lang='lat'>375.</span> <span class='ocrx_word' id='word_1_191' title='bbox 243 2246 319 2285; x_wconf 86' lang='lat' dir='ltr'>His</span> <span class='ocrx_word' id='word_1_192' title='bbox 349 2246 478 2293; x_wconf 74' lang='lat' dir='ltr'>dic-tis,</span> <span class='ocrx_word' id='word_1_193' title='bbox 513 2246 639 2284; x_wconf 81' lang='lat' dir='ltr'>oeulis</span> <span class='ocrx_word' id='word_1_194' title='bbox 668 2246 816 2284; x_wconf 81' lang='lat' dir='ltr'>iterum</span> <span class='ocrx_word' id='word_1_195' title='bbox 845 2246 1044 2297; x_wconf 81' lang='lat' dir='ltr'>vigilabat</span> <span class='ocrx_word' id='word_1_196' title='bbox 1073 2245 1226 2297; x_wconf 80' lang='lat' dir='ltr'>apertis</span> 
     </span>
     <span class='ocr_line' id='line_1_31' title="bbox 179 2312 1401 2367; baseline -0.003 -13"><span class='ocrx_word' id='word_1_197' title='bbox 179 2315 233 2354; x_wconf 79' lang='lat' dir='ltr'>Et</span> <span class='ocrx_word' id='word_1_198' title='bbox 263 2328 307 2352; x_wconf 87' lang='lat' dir='ltr'>se</span> <span class='ocrx_word' id='word_1_199' title='bbox 338 2321 604 2367; x_wconf 73' lang='lat' dir='ltr'>prosternens</span> <span class='ocrx_word' id='word_1_200' title='bbox 634 2315 835 2366; x_wconf 75' lang='lat' dir='ltr'>precibuS‚</span> <span class='ocrx_word' id='word_1_201' title='bbox 866 2315 1010 2353; x_wconf 83' lang='lat' dir='ltr'>erebro</span> <span class='ocrx_word' id='word_1_202' title='bbox 1043 2326 1204 2365; x_wconf 87' lang='lat' dir='ltr'>quoque</span> <span class='ocrx_word' id='word_1_203' title='bbox 1233 2312 1401 2359; x_wconf 81' lang='lat' dir='ltr'>deflens,</span> 
     </span>
     <span class='ocr_line' id='line_1_32' title="bbox 180 2383 1159 2435; baseline 0 -14"><span class='ocrx_word' id='word_1_204' title='bbox 180 2383 410 2435; x_wconf 75' lang='lat' dir='ltr'>Jejunando</span> <span class='ocrx_word' id='word_1_205' title='bbox 441 2383 563 2422; x_wconf 82' lang='lat' dir='ltr'>trium</span> <span class='ocrx_word' id='word_1_206' title='bbox 593 2396 738 2421; x_wconf 76' lang='lat' dir='ltr'>cursus</span> <span class='ocrx_word' id='word_1_207' title='bbox 768 2383 960 2433; x_wconf 74' lang='lat' dir='ltr'>agitergo</span> <span class='ocrx_word' id='word_1_208' title='bbox 991 2383 1159 2421; x_wconf 87' lang='lat' dir='ltr'>dierum.</span> 
     </span>
     <span class='ocr_line' id='line_1_33' title="bbox 177 2451 1300 2497; baseline -0.002 -7"><span class='ocrx_word' id='word_1_209' title='bbox 177 2451 276 2490; x_wconf 75' lang='lat' dir='ltr'>Post</span> <span class='ocrx_word' id='word_1_210' title='bbox 304 2452 405 2490; x_wconf 80' lang='lat' dir='ltr'>haec.</span> <span class='ocrx_word' id='word_1_211' title='bbox 436 2465 456 2489; x_wconf 92' lang='lat' dir='ltr'>e</span> <span class='ocrx_word' id='word_1_212' title='bbox 486 2465 623 2490; x_wconf 89' lang='lat' dir='ltr'>somno</span> <span class='ocrx_word' id='word_1_213' title='bbox 654 2465 745 2490; x_wconf 81' lang='grc'><strong>011111</strong></span> <span class='ocrx_word' id='word_1_214' title='bbox 774 2452 955 2491; x_wconf 78' lang='lat' dir='ltr'>surrexit</span> <span class='ocrx_word' id='word_1_215' title='bbox 985 2463 1102 2490; x_wconf 84' lang='lat' dir='ltr'>mane</span> <span class='ocrx_word' id='word_1_216' title='bbox 1134 2463 1300 2497; x_wconf 87' lang='lat' dir='ltr'>summo,</span> 
     </span>
    </p>
   </div>
   <div class='ocr_carea' id='block_1_3' title="bbox 93 2576 1443 2705">
    <p class='ocr_par' dir='ltr' id='par_1_3' title="bbox 93 2576 1443 2705">
     <span class='ocr_line' id='line_1_34' title="bbox 93 2576 1443 2614; baseline -0.004 -9"><span class='ocrx_word' id='word_1_217' title='bbox 93 2576 153 2605; x_wconf 64' lang='lat'><em>3¹17.</em></span> <span class='ocrx_word' id='word_1_218' title='bbox 182 2578 407 2611; x_wconf 68' lang='lat' dir='ltr'>veniebant,</span> <span class='ocrx_word' id='word_1_219' title='bbox 428 2578 467 2604; x_wconf 69' lang='lat' dir='ltr'>M.</span> <span class='ocrx_word' id='word_1_220' title='bbox 489 2587 518 2606; x_wconf 90' lang='lat' dir='ltr'>u.</span> <span class='ocrx_word' id='word_1_221' title='bbox 542 2579 572 2606; x_wconf 78' lang='lat' dir='ltr'>P.</span> <span class='ocrx_word' id='word_1_222' title='bbox 602 2579 663 2607; x_wconf 72' lang='lat'>357.</span> <span class='ocrx_word' id='word_1_223' title='bbox 686 2579 971 2614; x_wconf 63' lang='lat' dir='ltr'>transgrediar,</span> <span class='ocrx_word' id='word_1_224' title='bbox 996 2578 1023 2604; x_wconf 86' lang='lat' dir='ltr'>C.</span> <span class='ocrx_word' id='word_1_225' title='bbox 1046 2577 1370 2605; x_wconf 66' lang='lat' dir='ltr'>11.S.352·.1netari</span> <span class='ocrx_word' id='word_1_226' title='bbox 1392 2576 1443 2601; x_wconf 78' lang='lat' dir='ltr'>‹ri-</span> 
     </span>
     <span class='ocr_line' id='line_1_35' title="bbox 175 2622 1442 2660; baseline -0.004 -8"><span class='ocrx_word' id='word_1_227' title='bbox 175 2625 268 2656; x_wconf 83' lang='lat' dir='ltr'>mine,</span> <span class='ocrx_word' id='word_1_228' title='bbox 304 2624 342 2649; x_wconf 85' lang='grc' dir='ltr'>Μ-</span> <span class='ocrx_word' id='word_1_229' title='bbox 362 2633 387 2650; x_wconf 82' lang='lat' dir='ltr'>n·</span> <span class='ocrx_word' id='word_1_230' title='bbox 420 2625 451 2652; x_wconf 80' lang='lat' dir='ltr'>P.</span> <span class='ocrx_word' id='word_1_231' title='bbox 489 2625 550 2652; x_wconf 69' lang='lat'>358.</span> <span class='ocrx_word' id='word_1_232' title='bbox 571 2634 701 2660; x_wconf 76' lang='lat' dir='ltr'>vxore,</span> <span class='ocrx_word' id='word_1_233' title='bbox 724 2626 763 2655; x_wconf 81' lang='grc' dir='ltr'>Μ,</span> <span class='ocrx_word' id='word_1_234' title='bbox 784 2635 811 2653; x_wconf 85' lang='grc' dir='ltr'>ιι.</span> <span class='ocrx_word' id='word_1_235' title='bbox 833 2626 864 2654; x_wconf 79' lang='grc' dir='ltr'>Ρ.</span> <span class='ocrx_word' id='word_1_236' title='bbox 900 2626 958 2654; x_wconf 75' lang='grc'>370.</span> <span class='ocrx_word' id='word_1_237' title='bbox 983 2626 1173 2657; x_wconf 71' lang='lat' dir='ltr'>vastaris,</span> <span class='ocrx_word' id='word_1_238' title='bbox 1198 2623 1241 2649; x_wconf 83' lang='grc' dir='ltr'>Μ.</span> <span class='ocrx_word' id='word_1_239' title='bbox 1264 2631 1290 2650; x_wconf 87' lang='lat' dir='ltr'>u.</span> <span class='ocrx_word' id='word_1_240' title='bbox 1313 2622 1343 2648; x_wconf 83' lang='grc' dir='ltr'>Ρ.</span> <span class='ocrx_word' id='word_1_241' title='bbox 1380 2622 1442 2649; x_wconf 65' lang='grc'>378.</span> 
     </span>
     <span class='ocr_line' id='line_1_36' title="bbox 188 2670 556 2705; baseline 0.003 -10"><span class='ocrx_word' id='word_1_242' title='bbox 188 2672 397 2705; x_wconf 65' lang='lat' dir='ltr'>commu-xit,</span> <span class='ocrx_word' id='word_1_243' title='bbox 419 2670 448 2697; x_wconf 94' lang='lat' dir='ltr'>C.</span> <span class='ocrx_word' id='word_1_244' title='bbox 475 2679 500 2700; x_wconf 82' lang='grc' dir='ltr'>υ,</span> <span class='ocrx_word' id='word_1_245' title='bbox 527 2670 556 2699; x_wconf 87' lang='lat' dir='ltr'>S.</span> 
     </span>
    </p>
   </div>
  </div>
 </body>
</html>
