1702 2939
644 208 928 252 ...39-

222 328 295 377 „In
323 326 459 368 Patris
489 330 530 367 et
556 326 667 367 Nati.
685 327 839 380 pariter
869 340 1028 381 quoque
1059 326 1256 368 Flaminis
1284 327 1380 368 almi

214 397 423 446 „Nomine
454 409 532 449 quo
561 396 717 436 veteris
746 397 953 450 deponant
981 398 1149 437 crimina
1177 397 1330 447 sordis;

135 465 200 507 30.
218 465 296 515 „Et
323 466 476 505 virt-ute
504 478 595 505 mea
623 466 759 505 varios
789 466 982 518 depellite
1011 467 1184 514 morbos,

215 534 411 584 „Necnon
439 535 607 588 imperio
638 535 865 587 praedones
896 535 1029 587 cogite
1059 538 1199 575 vestro

223 604 423 653 ‚-Saevos,
454 606 666 644 obsessum
695 604 881 656 linquant
911 608 956 643 ut
982 604 1159 657 pectoris
1187 607 1362 653 antrum,

215 672 327 721 „Illis
356 673 620 725 praedulcem
647 676 864 712 servantes
892 674 1040 712 mentis
1070 685 1266 721 amorem,

212 741 424 790 „Laedere
454 755 528 781 vos
558 742 660 781 odiis
688 743 756 794 qui
784 745 986 796 temptant
1015 755 1177 795 semper
1205 743 1365 782 amaris.

122 810 293 861 35.‚‚Ex
321 812 395 851 hoc
424 820 613 864 percerte
645 814 817 864 possunt
845 824 1119 864 praenoscere
1150 814 1323 852 cunctae

213 879 408 928 „Gentes‚
439 879 658 932 discipulos
687 893 760 919 vos
788 893 881 919 esse
911 880 1010 919 satis
1040 879 1137 919 mihi
1167 892 1296 929 carOS,

215 948 284 997 „Si
314 949 446 988 colitis
475 955 636 988 vestros
666 949 780 1002 puris
808 948 953 988 animis
978 949 1172 988 inimicos.

212 1017 461 1065 „Pinetenus
492 1031 693 1058 memores
725 1018 935 1071 persistite
965 1017 1120 1057 scilicet
1150 1031 1301 1066 omnes,

212 1086 356 1135 „Quae
386 1087 515 1126 vestri
543 1099 665 1126 causa
694 1100 839 1140 passus
869 1087 1017 1127 fuerim
1044 1087 1132 1126 sine
1163 1087 1294 1140 culpa.

120 1153 186 1194 40.
208 1155 378 1203 „Nonne
407 1167 539 1194 meam
567 1156 712 1196 faciem
747 1155 967 1195 Cherubim
995 1169 1075 1195 non
1108 1167 1280 1195 cernere
1309 1156 1435 1197 talem

212 1224 415 1272 „Possunt
446 1225 486 1263 in
519 1238 660 1276 regno,
691 1225 821 1277 qualis
849 1225 952 1263 nitet
980 1237 1092 1276 erg0‚
1121 1225 1324 1278 paterno?

212 1293 386 1339 „Judaei
416 1294 574 1346 spurcis
598 1294 703 1333 hanc
733 1294 805 1332 sed
833 1293 992 1346 petiere
1019 1293 1159 1332 salivis

205 1361 495 1415 „Maxillisque
525 1363 625 1402 meis
656 1364 794 1416 alapas
823 1362 1006 1402 tribuere
1035 1362 1237 1414 malignas

203 1431 365 1484 „Atque
394 1444 538 1471 manus
571 1432 699 1471 clavis
728 1433 840 1484 ligno
869 1432 1000 1471 fixere
1030 1431 1222 1479 cruentis,

115 1498 170 1539 45
191 1500 278 1549 „De
309 1501 401 1539 limo
430 1501 647 1553 pulchrum
675 1500 765 1553 quis
793 1500 994 1553 plasmavi
1020 1500 1339 1554 protoplastum,

202 1567 328 1616 „Cum
357 1570 502 1621 quibus
531 1577 572 1609 et
601 1570 736 1609 coelos
765 1569 934 1609 extendi
962 1569 1138 1621 denique
1169 1569 1312 1608 celsos.

203 1638 342 1685 „Nann
373 1638 406 1676 si
435 1638 607 1691 respicio
625 1647 789 1685 terram,
819 1639 977 1691 pavitat
1004 1637 1258 1685 tremefacta,

201 1707 314 1755 „Nec
343 1707 417 1746 mis
445 1708 615 1748 terroris
643 1708 749 1761 potis
777 1711 842 1747 est
871 1707 1025 1747 inferre
1052 1706 1242 1759 potentis.

204 1774 283 1824 „Et
310 1776 606 1828 praecedentes
635 1777 785 1816 acriter
817 1779 940 1830 caput
966 1779 1089 1829 atque
1118 1777 1332 1815 moventes

113 1842 178 1884 50.
201 1843 295 1892 „Me
325 1845 431 1883 male
460 1844 609 1884 Judaei
639 1846 882 1885 deridebant
908 1845 1113 1886 scelerosi.

200 1912 342 1962 „Haec
372 1926 463 1952 cum
492 1913 759 1967 dampnandis
787 1919 953 1968 paterer
981 1915 1187 1968 patienter
1213 1914 1265 1955 ab
1293 1912 1387 1962 illis,

199 1982 343 2035 „Ipsos
374 1982 557 2022 vindicta
586 1983 696 2023 volui
725 1996 805 2023 non
834 1984 1010 2037 perdere
1033 1985 1169 2037 justa,

201 2050 322 2100 ‚,Sed‚
352 2051 484 2091 crucis
514 2052 554 2091 in
584 2052 694 2104 ligno
722 2055 894 2093 mortem
921 2053 1050 2105 gratis
1078 2053 1293 2106 patiendo,

201 2119 356 2168 „Oravi
385 2123 545 2173 patrem
574 2122 814 2162 clementius
845 2123 1184 2175 omnipotentem,

172 2220 180 2228 .
200 2187 315 2238 „Illis
348 2189 538 2229 continuo
570 2190 775 2231 dimittere
806 2191 973 2231 crimina
1006 2193 1132 2239 tanta,

198 2257 413 2306 „Suadens
443 2259 632 2312 exemplo
660 2260 744 2308 tali,
773 2272 877 2312 quae
907 2263 1002 2301 sunt
1030 2259 1239 2310 facienda,

204 2326 285 2374 „Ut
312 2339 403 2366 mea
433 2328 622 2368 coelestis
650 2329 770 2369 fieret
797 2329 982 2370 doctrina
1010 2329 1162 2379 fidelis,

207 2394 288 2443 „Et
314 2409 367 2435 ne
398 2396 488 2449 quis
516 2397 620 2437 fictis
648 2399 822 2438 auderet
850 2398 987 2439 dicere
1015 2399 1175 2439 verbis:

194 2460 349 2516 „Ecce,
379 2463 492 2518 quod
520 2464 615 2517 ipse
642 2466 737 2518 pati
766 2467 953 2520 respuit,
981 2479 1061 2509 nos
1088 2464 1220 2522 ferre
1245 2467 1406 2518 suasit,

111 2186 138 2228 οι

141 2187 167 2229 ωε

120 2597 162 2624 35.
184 2603 370 2630 pereepte.
392 2597 431 2623 M.
452 2606 479 2625 u.
504 2598 534 2625 P.
573 2599 617 2626 39.
637 2599 702 2624 sine
723 2607 860 2633 eausa,
881 2600 914 2627 C.
934 2608 963 2628 u.
984 2599 1016 2628 S.
1062 2600 1105 2628 «Ω.
1140 2601 1191 2627 ned
1213 2599 1379 2634 patiere,
1401 2599 1462 2632 ιρι-

189 2644 251 2668 tere
270 2642 438 2676 Correctnr,
457 2643 496 2670 M.
516 2653 717 2679 sprevere,
737 2645 769 2673 C.
792 2656 821 2674 u.
841 2645 871 2674 S.
909 2649 950 2674 ὁὶ.
973 2650 1137 2683 pateret,
1157 2646 1198 2674 M.
1220 2654 1250 2672 u·
1268 2645 1299 2672 Ρ-

122 2688 164 2714 59.
187 2688 333 2721 sunit,
354 2687 391 2713 M.
414 2689 503 2723 vei-gl.
526 2689 559 2715 G.
588 2691 644 2720 199.
