1702 2939
231 311 299 354 20.

231 1110 301 1154 30.

757 223 814 227 —
872 196 954 239 3th
1012 222 1069 227 —-

347 312 422 352 Sed
455 324 530 353 non
560 312 632 352 hoc
664 316 787 352 suasit
820 312 920 352 mala
951 314 1026 351 niis
1057 313 1318 362 praesumptio
1349 314 1504 366 mentis,

346 391 427 432 Nec
459 405 610 432 summa
641 395 720 432 veri
754 399 972 443 contempta
1004 399 1140 443 sponte
1172 392 1311 437 sesellig

346 472 396 512 Se
426 486 502 526 res,
535 480 576 512 ut
607 476 760 527 scripsi,
792 486 878 512 sese
910 476 966 512 sic
994 485 1151 523 prorsus
1183 473 1336 526 habere,

346 552 426 604 Ipsi
459 554 638 594 dicebant
669 553 774 607 milii,
808 555 871 605 qui
903 554 1106 592 scribenda
1139 552 1324 593 serebant.

346 631 451 674 Hine
482 632 700 685 augustalis
731 636 854 682 pietas
886 644 961 671 non
995 638 1163 683 spernat,
1196 633 1355 672 honoris

291 743 299 752 .
345 712 456 759 Quod
489 712 651 763 simplex
682 712 839 752 humilis
869 714 993 764 gessit
1023 714 1177 752 devotio
1210 715 1361 753 mentis.

344 791 394 831 Et
426 805 510 832 cum
544 799 580 831 tc
611 792 697 832 libri
730 791 931 832 laudantes
964 804 1130 845 congrue
1160 792 1268 832 multi

344 872 439 912 Post
469 873 563 912 haec
594 873 812 912 scribantur
843 875 1055 925 meritoque
1086 872 1235 923 plaeere
1267 873 1489 924 probentur,

346 951 494 992 Ordine
524 959 743 1003 postremus
773 965 848 992 non
882 956 932 992 sit
964 960 1090 992 tamen
1124 956 1197 992 iste
1228 952 1394 1005 libellus,

346 1031 467 1079 Quem
499 1035 605 1083 prius
638 1032 815 1083 exemplo
849 1040 1000 1072 constat
1031 1036 1216 1083 scriptum
1250 1033 1336 1074 sore
1365 1033 1483 1075 nullo.

345 1111 395 1152 Et
425 1112 511 1152 licet
543 1115 691 1163 imperii
726 1118 856 1152 teneas
888 1113 1004 1152 decus
1037 1112 1258 1166 Octaviani,

345 1191 434 1232 Non
467 1193 689 1245 dedigneris
720 1195 880 1232 vocitari
914 1195 1070 1232 nomine
1100 1196 1217 1246 regis,

346 1270 483 1311 Donec
514 1275 725 1323 perscripto
759 1275 861 1312 vitae
889 1272 1030 1326 regalis
1063 1273 1221 1324 honore,

345 1351 495 1393 Ordine
525 1353 677 1405 digesto
711 1365 859 1393 necnon
892 1366 1070 1393 sermone
1107 1355 1249 1394 decoro

345 1432 508 1472 Dicatur
541 1436 679 1484 sceptri
712 1434 828 1473 decus
862 1433 1060 1485 imperiale
1093 1435 1263 1474 secundi.

266 1592 308 1617 ⁴20.
329 1590 383 1616 hoc
402 1598 469 1624 non,
487 1589 515 1618 C.
555 1590 598 1618 22.
625 1590 958 1618 ¹=onorc‹.(*.11.S.
997 1592 1039 1617 25.
1063 1589 1178 1624 Quos,
1201 1590 1230 1618 C.
1254 1600 1282 1618 u.
1304 1590 1333 1618 S.
1371 1592 1414 1619 27.
1437 1593 1602 1617 scriben-

337 1641 411 1662 tur.
443 1637 472 1663 C.
497 1645 523 1661 u.
546 1637 578 1662 R.
615 1638 659 1664 30.
681 1637 739 1662 Der
763 1637 834 1662 sod.
863 1637 941 1662 ham·
964 1646 1068 1670 urspr„
1096 1637 1148 1662 uie
1173 1637 1246 1662 noch
1270 1637 1312 1670 P„
1338 1636 1566 1673 Octaviano,
1588 1646 1603 1664 e

334 1683 432 1708 wurde
446 1683 553 1714 jedoch
575 1684 722 1708 nusradirt
744 1683 801 1708 und
822 1691 857 1708 „n
879 1683 984 1708 denen
1005 1683 1098 1708 Stellc
1123 1683 1167 1707 eiu
1189 1684 1196 1708 i
1219 1686 1342 1716 gesetzt.
