1702 2939
611 233 929 280 -241-

603 356 952 409 Paphnutius.

83 424 238 479 Corpus
280 429 321 466 et
365 426 510 470 anima,
559 428 664 478 quia,
705 426 802 465 licet
846 426 918 464 illa
964 425 1045 465 sint
1075 425 1294 474 contraria,
1325 419 1462 466 tamen

81 501 178 534 sunt
209 496 455 548 corporalia3
499 496 632 535 anima
663 497 799 534 autem
816 494 850 547 ⁷)
880 507 958 534 nec
988 495 1183 543 mortalis
1214 499 1260 535 ut
1300 509 1460 550 corpus,

80 577 156 603 nec
188 577 335 617 corpus
368 565 563 618 spiritalis
581 565 614 618 S)
646 567 692 603 ut
721 564 865 603 anima.

629 633 688 672 Di
703 647 721 672 s
736 633 815 686 cip
828 633 878 672 ul
889 633 912 672 i.

80 690 155 731 Ita.

88 764 91 767 ·
589 748 949 801 Paphnutius,

81 816 122 857 Si
166 819 303 857 tamen
351 818 587 858 dialecticos
633 817 852 869 sequimur,
898 830 976 856 nec
1021 817 1092 856 illa
1133 818 1338 858 contraria
1370 833 1460 858 esse

80 886 270 927 fatemur.

118 960 120 962 ·
626 944 719 984 Dis
734 944 814 997 cip
827 944 877 983 ul
889 944 912 983 i.

77 1012 136 1053 Et
167 1013 256 1066 quis
286 1015 423 1067 potest
453 1027 609 1066 negare
625 1015 644 1053 Ρ

593 1083 943 1136 Paphnutius.

78 1152 161 1198 Qui
193 1152 405 1192 dialectice
437 1152 513 1192 scit
529 1152 562 1205 ⁹)
603 1152 827 1205 disputare,
867 1152 961 1204 quia
991 1152 1105 1191 usiae
1135 1152 1237 1192 nihil
1269 1155 1332 1193 est
1362 1166 1455 1194 con-

77 1222 262 1271 trarium,-
292 1222 366 1262 sed
396 1222 652 1275 receptatrix
684 1224 748 1261 est
778 1221 1088 1261 contrariorum.

626 1290 908 1343 Discipuli.
1443 1344 1445 1346 Ι

77 1359 186 1406 Quid
217 1360 293 1399 sibi
322 1360 423 1409 vult,
451 1360 560 1412 quod
591 1360 742 1408 dixisti,
761 1360 986 1399 secundum
1017 1360 1293 1401 harmonicam
1323 1363 1459 1403 mode-

76 1429 308 1470 rationem?

599 1486 948 1539 Paphnutius

75 1553 125 1593 Id
142 1555 310 1603 scilicet,
329 1555 448 1607 quod,
472 1555 578 1595 sicut
597 1555 729 1608 pressi
743 1556 1079 1608 excellentesque
1101 1557 1458 1611 soniharmonice

78 1624 306 1676 conjuncti,
350 1624 541 1676 quiddam
581 1624 802 1677 perficiunt
840 1625 1059 1673 musicum,
1090 1625 1147 1664 ita
1179 1626 1345 1666 dissona
1376 1612 1458 1667 616-

75 1696 226 1742 menta,
245 1692 540 1732 convenienter
554 1693 854 1742 concordantia,
872 1708 998 1733 unum
1015 1695 1234 1747 perficiunt
1252 1696 1457 1736 mundum.

629 1762 664 1801 D
677 1762 690 1801 i
704 1776 722 1801 s
735 1775 756 1801 c
772 1763 818 1816 ip
833 1763 919 1802 uli.

76 1829 240 1879 Mirum,
270 1831 468 1883 quomodo
497 1831 661 1871 dissona
688 1832 938 1881 concordari,
964 1833 1034 1872 vel
1056 1832 1458 1888 concordantia'pos-

80 1900 162 1939 sint
193 1900 357 1939 dissona
389 1900 477 1939 dici.

595 1958 946 2012 Paphnutius.

77 2025 184 2072 Quia
214 2026 314 2065 nihil
346 2039 400 2066 ex
431 2026 627 2066 similibus
651 2029 836 2082 componi
866 2029 1043 2079 videtur,
1068 2043 1145 2070 nec
1175 2043 1231 2070 ex
1257 2030 1332 2080 his,
1354 2044 1459 2083 quae

75 2096 190 2135 nulla
234 2095 403 2134 rationis
444 2097 707 2149 proportione
742 2099 976 2150 junguntur
1018 2102 1060 2138 et
1089 2112 1113 2138 a
1143 2112 1187 2138 se
1226 2100 1333 2139 omni
1364 2102 1457 2140 sub-

77 2164 230 2204 stantia
259 2166 490 2217 naturaque
521 2165 701 2205 discreta
732 2171 838 2205 sunt.

632 2234 916 2288 Discipuli.

82 2301 192 2348 Quid
223 2305 287 2342 est
315 2301 502 2342 musica?
641 2357 643 2359 ι

599 2359 948 2414 Paphnutius.

75 2427 306 2482 Disciplina
337 2441 419 2468 una
450 2428 501 2467 de
532 2428 814 2482 philosophiae
846 2431 1084 2483 quadruvio.

625 2498 910 2552 Discipuli.

78 2552 187 2600 Quid
219 2557 282 2594 est
312 2555 401 2604 hoc,
433 2555 541 2608 quod
571 2555 672 2594 dicis
704 2557 1012 2609 quadruvium?

112 2677 144 2713 ’1)
162 2680 304 2713 autem,
327 2678 401 2706 fehlt
421 2680 449 2705 in
469 2679 500 2707 C.
516 2687 545 2708 u.
561 2679 591 2708 S.
627 2680 661 2714 8)
680 2680 884 2715 spiritale,
909 2681 950 2716 C.,
965 2681 996 2711 S.
1015 2690 1042 2709 u.
1066 2681 1147 2718 Mg.;
1169 2692 1192 2712 s.
1206 2681 1323 2710 Eiuleit.
1344 2680 1460 2718 (Κεῖαι)

164 2725 197 2760 9)
219 2725 284 2760 uit,
305 2732 364 2752 von
384 2725 460 2752 alten·
483 2725 567 2752 fland
586 2728 722 2763 corrigite
743 2728 772 2754 in
794 2729 896 2763 seit„
920 2728 958 2755 M.
1134 2764 1185 2805 16
