1702 2939
820 274 1104 319 -84—

393 391 500 441 „Qui
530 404 640 432 nuno
670 391 908 445 despectum
937 394 1136 445 spernunt
1166 391 1404 432 venerarier
1432 390 1601 446 ipsum.“

444 459 520 500 His
551 472 644 500 nam
673 460 880 500 blanditiis
910 461 1114 511 anguinae
1147 461 1378 500 calliditatis

391 528 477 568 Iste
507 529 631 568 miser
660 530 787 569 verbo
818 541 898 568 non
929 528 1235 568 contradixerat
1261 529 1355 578 ullo,

390 596 472 636 Sed
503 597 592 637 fieri
623 597 758 649 gestit,
791 609 896 649 quae
927 609 1149 649 perversus
1181 598 1303 637 draco
1335 598 1475 647 suasit,

278 663 368 705 125.
390 664 578 705 Proditor
608 669 729 718 atque
762 669 888 705 totum
921 665 1123 717 [dedi-rat)
1155 678 1199 704 se
1229 666 1457 718 perditioni.

387 732 541 786 Sponte
573 734 685 774 dedit
715 734 866 787 proprii
898 734 1079 772 chartam
1111 735 1294 773 scribens
1324 734 1567 781 detrimenti,

388 801 438 841 In
470 815 550 855 qna
581 803 793 856 spirituum
824 807 999 841 testatur
1029 802 1137 841 velle
1168 803 1378 854 nigrorum

385 871 491 912 Esse
523 873 597 911 sub
629 872 808 911 aeternis
837 874 956 912 sociis
985 887 1059 926 per
1088 873 1253 911 saecula
1283 871 1435 924 poenis.

380 939 471 980 Hoc
499 941 568 980 ubi
597 941 781 994 perfecit,
812 942 961 994 passim
993 943 1234 994 phantasma
1262 941 1444 988 recessit,

273 1007 363 1048 130.
385 1009 563 1062 Ipseque
593 1022 684 1048 cum
713 1022 841 1062 pravo
872 1010 1090 1061 gaudendo
1120 1010 1280 1048 redibat
1309 1008 1448 1048 amico.

435 1077 564 1117 Facta
594 1090 768 1130 namque
800 1078 875 1127 dic,
906 1079 1070 1130 praesul
1102 1077 1314 1131 praecepit
1343 1076 1489 1116 adesse

380 1144 488 1185 Cleri
518 1146 725 1198 primates,
758 1146 894 1198 plebis
931 1147 1166 1199 pariterque
1196 1146 1364 1198 priores,

375 1214 511 1266 Atque
544 1214 823 1266 Theophilum,
856 1217 1013 1254 cunctis
1043 1215 1271 1254 astantibus
1300 1213 1391 1262 illis,

381 1282 616 1321 Adductum
646 1283 783 1322 verbis
814 1283 978 1322 nimium
1010 1283 1218 1322 blanditur
1249 1282 1398 1330 amicis,

270 1348 360 1389 135.
383 1349 520 1402 Ipsius
551 1351 732 1390 subdens
764 1351 881 1390 hilari
913 1352 1031 1390 vultu
1062 1351 1213 1398 ditioni,

376 1417 641 1470 Deflevitque
672 1420 760 1471 piis,
796 1433 888 1458 sese
918 1432 1126 1472 peccasse,
1158 1418 1359 1466 lamentis,

372 1486 589 1539 Abjecisse
619 1488 751 1526 virum
785 1489 1073 1540 praesumebat
1103 1488 1198 1540 quia
1227 1493 1422 1526 sanctum.

372 1553 450 1594 Ast
481 1555 545 1593 hic
576 1570 598 1593 e
630 1556 772 1595 subitis
804 1556 906 1594 tanti
938 1556 1112 1595 laetatus
1144 1556 1307 1596 honoris

374 1621 514 1671 Donis,
546 1624 639 1677 plus
671 1636 800 1675 aequo
832 1625 937 1663 tollit
967 1638 1058 1663 sese
1089 1628 1224 1663 mente
1255 1624 1444 1676 superba,

263 1689 354 1730 140.
378 1690 590 1731 Jactanter
621 1693 897 1744 subjectorum
927 1706 1078 1733 cuneos
1109 1693 1351 1746 populorum

373 1759 511 1813 Ipsius
542 1761 747 1812 obsequiis
778 1775 932 1813 cogens
962 1763 1227 1801 succumbere
1259 1760 1384 1809 duris,

374 1827 439 1876 Et,
471 1831 609 1881 spreto
640 1830 802 1882 penitus
833 1830 992 1882 patriae
1024 1829 1212 1869 coelestis
1243 1829 1408 1876 honore,

372 1896 598 1937 Terrestris
628 1900 786 1937 tantum
815 1911 985 1950 pompae
1015 1902 1205 1937 versatur
1235 1909 1382 1936 amore.

375 1962 557 2016 Cumque
589 1965 657 2004 diu
687 1966 828 2004 vacuis
858 1966 1034 2004 inhiaret
1064 1978 1237 2017 namque
1267 1964 1426 2004 lucellis

260 2029 350 2071 145.
367 2032 515 2084 Atque,
546 2035 736 2072 monente
765 2046 904 2085 mago,
935 2047 1155 2085 numquam
1184 2035 1386 2081 cessaret,
1416 2032 1567 2084 iniquo,

375 2099 509 2140 Saevo
539 2102 784 2154 multiplices
815 2108 983 2141 satanae
1014 2102 1252 2154 persolvere
1283 2103 1435 2152 grates,

371 2166 437 2208 Ex
468 2171 583 2222 cnjus
614 2171 741 2222 largis
773 2171 946 2209 credidit
975 2170 1223 2209 solummodo
1254 2169 1369 2208 donis

366 2237 606 2276 Accessisse
637 2239 801 2290 quidem
829 2242 983 2277 tantam
1014 2239 1089 2277 sibi
1119 2239 1444 2290 prosperitatem,

369 2304 551 2344 Tandem
583 2307 773 2346 coelestis
803 2307 934 2359 pietas
965 2307 1148 2345 inmensa
1179 2305 1372 2358 parentis,

255 2369 346 2411 150.
374 2372 455 2417 Qui
486 2387 704 2425 numquam
735 2375 847 2427 cupit
874 2375 1081 2414 interitum
1111 2377 1362 2426 mortemque
1388 2385 1562 2421 reorum,

367 2439 451 2480 Sed
480 2454 601 2492 mage
634 2443 844 2482 conversis
876 2443 1026 2482 laetam
1054 2443 1279 2481 concedere
1310 2441 1445 2490 vitam,

366 2507 592 2558 Condoluit,
625 2511 722 2550 sacti
753 2511 941 2550 meritum
971 2511 1130 2563 perisse
1158 2509 1335 2561 benigni,

289 2599 345 2625 ¹22.
365 2605 432 2632 agn
446 2607 462 2623 ιι
478 2599 554 2631 ine⁷
580 2598 636 2632 M.;
666 2600 692 2624 in
714 2599 745 2626 Ρ.
767 2608 810 2625 nin
831 2598 928 2625 nonde
956 2599 1129 2626 verbasci-t.
1172 2603 1228 2629 125.
1251 2602 1425 2637 dederat,
1454 2602 1506 2628 da·
1526 2603 1553 2629 in
1574 2601 1614 2630 M.

383 2652 410 2671 u.
435 2645 464 2670 Ρ.
485 2644 576 2678 fehlt,
599 2645 697 2669 uurde
718 2645 809 2670 ulum
838 2654 892 2671 von
915 2646 1011 2671 Ceut-s
1033 2648 1268 2681 ausgenommeu.
1311 2649 1370 2676 1³¹.
1389 2650 1403 2681 (
1423 2649 1438 2683 J
1458 2651 1558 2681 acta,
1583 2647 1613 2675 C.

371 2690 508 2725 Pacta„
525 2689 555 2718 S.
606 2690 662 2718 145.
684 2695 835 2724 censat,
858 2691 910 2726 Μ.;
956 2694 1145 2726 cenavit,
1177 2693 1207 2720 C.
1235 2702 1263 2720 u.
1284 2693 1328 2729 S.;
1349 2695 1376 2719 in
1397 2694 1427 2720 P.
1450 2694 1615 2721 verbessen

367 2736 395 2766 ln
419 2740 612 2762 cessaret.
657 2738 712 2764 152.
737 2738 917 2773 periissc7
939 2737 968 2762 C.
991 2746 1018 2764 ιι.
1042 2737 1071 2764 S.
