1702 2939
611 221 927 268 —14‘7'—

567 342 960 383 Constantinus.

85 413 225 459 Quid?

605 478 939 520 Gallicanus.

86 549 129 589 Si
158 562 373 603 praesumo
404 549 612 588 dicere...

565 628 968 669 Constantinus.

84 699 138 740 Et
166 701 282 739 bene.
690 738 695 742 .

606 765 644 807 G
654 768 700 807 al
715 768 784 807 lio
796 780 819 807 a
831 781 858 807 n
871 781 898 806 u
910 781 940 807 s.

84 836 283 876 Irasceris
296 837 315 876 Ρ

575 904 978 946 Constantinus.

84 975 207 1014 Nullo
241 975 373 1014 modo.

615 1042 652 1084 G
665 1044 793 1084 allio
807 1057 829 1083 a
842 1057 869 1083 n
883 1058 907 1083 u
918 1057 948 1082 s.

87 1113 219 1154 Certe.

567 1180 965 1222 Constantinus,

86 1251 189 1292 Non.

611 1318 945 1372 Gallica—nus.

87 1388 322 1428 Moveberis
353 1388 647 1440 indignatione.

571 1456 929 1497 Constantinu
944 1471 974 1496 s.

86 1525 149 1565 Ne
181 1526 221 1564 id
251 1538 436 1565 vereare.

606 1593 644 1634 G
655 1595 786 1634 allio
797 1607 821 1634 a
832 1608 859 1634 n
871 1609 898 1634 u
910 1607 940 1633 s.

87 1661 240 1711 Dicam,
267 1663 448 1715 jussisti:
470 1663 504 1715 ⁸)
537 1661 828 1711 Constantiam,
866 1663 926 1702 tui
955 1664 1106 1711 natam,
1137 1674 1226 1702 amo
1256 1685 1315 1692 -—-

578 1741 976 1782 Constantinus.

88 1809 143 1850 Et
169 1811 314 1850 merito
327 1828 335 1861 3
375 1811 504 1860 decet,
527 1811 560 1863 ⁹)
591 1814 637 1851 ut
666 1812 839 1850 herilem
868 1811 992 1851 filiam
1028 1810 1324 1851 honorabiliter
1355 1822 1466 1850 ames

91 1882 133 1918 et
163 1880 389 1919 amabiliter
420 1880 606 1919 honores.

615 1947 652 1988 G
664 1961 687 1987 a
697 1948 734 1987 11
745 1948 759 1987 i
771 1961 792 1988 o
804 1960 827 1987 a
838 1961 865 1987 n
876 1962 904 1988 u
917 1961 947 1987 s.

88 2015 360 2070 Interrumpis
391 2017 574 2057 dicenda.

580 2083 609 2125 C
624 2086 984 2126 onstantinus.

90 2153 181 2194 Non
211 2154 475 2207 interrumpo.

609 2221 938 2262 Gallicanus.

91 2289 321 2344 Ipsamque,
353 2292 386 2331 si
416 2294 487 2332 tua
516 2291 706 2331 annuerit
736 2291 880 2343 metae,
912 2290 1164 2342 desponsare
1194 2289 1338 2342 gestio.

571 2370 979 2411 Constantinus.

92 2438 183 2480 Non
223 2441 318 2480 leve
357 2441 513 2493 appetit
551 2440 796 2493 praemium,
839 2439 912 2478 sed
951 2452 1151 2479 summum
1191 2439 1402 2491 vobisque,
1444 2451 1466 2478 o

94 2509 309 2563 principes,
341 2512 436 2549 ante
464 2510 682 2549 insolitum.

128 2689 161 2724 8)
178 2687 345 2724 jusisti,
367 2688 425 2724 M.;
450 2689 483 2718 Ρ.
499 2688 635 2723 corrigit-t
655 2696 702 2716 am
716 2688 816 2715 Raude
836 2689 864 2715 in
881 2687 1057 2720 jussisti.
1103 2688 1135 2723 9)
1156 2686 1249 2713 Decet
1269 2686 1381 2721 enim,
1406 2684 1467 2722 ΜΒ.

1101 2724 1194 2764 10*
