1702 2939
578 221 899 264 -207—

57 336 361 375 malefactorem
391 348 414 374 a
444 337 619 376 vinculis
650 338 790 378 mortis
822 340 1049 387 absolvere,
1075 340 1143 392 qui
1166 355 1229 379 inc
1257 340 1431 394 decepit,

58 419 122 444 me
155 406 331 454 seduxit,
361 419 508 458 meque
539 406 592 445 ad
635 407 869 446 audendum
909 409 1103 448 horribile
1142 410 1300 449 facinus
1339 424 1432 464 pro—

56 475 229 514 vocavit.

594 532 884 572 Johannes

55 600 146 640 Non
179 600 303 639 debes
334 601 392 639 illi
423 601 608 639 invidere
641 602 815 652 gratiani
846 602 1008 641 divinae
1040 604 1292 643 clementiae.

565 668 920 709 Caliinachus.

54 737 145 777 Non
178 739 241 776 est
272 737 379 776 enim
410 737 558 788 dignus
582 739 899 788 resurrectione,
922 740 991 792 qui
1013 743 1154 780 auctor
1179 742 1317 782 extitit
1338 756 1430 796 per-

55 806 196 846 ditioni
211 805 266 859 4⁷)
298 807 468 846 alienae.

602 876 882 915 Johannes

52 945 144 984 Lex
174 947 339 984 nostrae
377 945 590 995 religionis
629 946 765 993 docet,
805 949 850 985 ut
889 946 1006 985 homo
1046 946 1196 986 homini
1239 947 1428 997 dimittat,

53 1014 86 1052 si
116 1014 204 1066 ipse
235 1026 259 1053 a
289 1014 376 1053 Deo
409 1014 554 1053 dimitti
584 1014 745 1053 ambiat.

542 1082 932 1122 Androniohus.

53 1139 78 1179 J
80 1141 227 1179 ustum.

602 1197 887 1236 Johannes

52 1265 225 1311 Quando
259 1254 380 1305 etiani
410 1266 486 1305 Dei
516 1266 752 1317 unigenitus
789 1267 976 1318 idemque
1009 1267 1193 1319 Virginis
1223 1267 1427 1320 primoge-

49 1335 182 1382 nitus,
225 1335 293 1386 qui
324 1336 434 1373 solus
466 1335 673 1383 innoccns,
720 1336 831 1374 solus
861 1335 1153 1385 inmaculatus,
1195 1337 1305 1375 solus
1338 1338 1426 1376 sine

50 1403 217 1442 veterni
248 1404 369 1442 sorde
385 1403 439 1455 43)
472 1404 608 1442 delicti
629 1404 669 1442 in
696 1404 891 1443 mundum
912 1404 1037 1454 venit,
1056 1417 1194 1444 omnes
1219 1407 1292 1444 sub
1310 1407 1429 1457 gravi

49 1486 172 1511 onere
204 1473 361 1525 peccati
394 1473 611 1525 depressos
643 1473 811 1512 invenit.

547 1541 936 1581 Andronichus.

47 1598 216 1638 Verum.

599 1656 886 1695 Johannes

48 1723 215 1765 Scilicet
264 1725 422 1764 nullum
470 1726 647 1778 justum,
693 1725 852 1763 nullum
891 1725 1170 1764 misericordia
1218 1725 1426 1767 inveniret

48 1794 235 1845 dignum,
276 1794 481 1833 neminem
518 1796 655 1833 tamen
687 1794 863 1845 sprevit,
903 1794 1108 1833 neminem
1147 1807 1245 1833 suae
1287 1796 1422 1847 gratia

50 1863 215 1915 pietatis
246 1864 437 1916 privavit,
457 1864 530 1902 sed
553 1877 596 1901 se
628 1864 761 1914 ipsum
794 1862 979 1902 omnibus
996 1862 1049 1916 49)
1080 1863 1251 1904 tradidit
1279 1864 1425 1917 suique

50 1932 244 1971 dilectam
274 1933 449 1972 animam
478 1946 552 1986 pro
585 1932 769 1972 omnibus
799 1931 945 1984 posuit.

541 2000 932 2040 Andronichus.

49 2068 91 2109 Si
119 2069 316 2110 innocens
343 2083 424 2110 non
455 2069 723 2117 occideretur,
753 2081 872 2108 nemo
898 2069 1011 2122 juste
1040 2069 1300 2109 liberaretur.

595 2137 620 2178 J
636 2139 767 2177 ohan
781 2150 886 2176 nes.

46 2206 145 2247 Ideo
175 2207 215 2246 in
244 2207 451 2247 hominum
480 2219 561 2246 non
592 2207 822 2246 delectatur
838 2206 891 2258 ⁵⁰)
921 2206 1172 2259 perditione,
1217 2220 1317 2259 quos
1348 2221 1423 2248 suo

49 2279 204 2329 emptos
234 2276 417 2316 meminit
445 2275 623 2329 pretioso
656 2275 868 2328 sanguine.

536 2343 927 2384 Andronichus.

49 2399 212 2441 Gratias
242 2402 311 2442 illi.

78 2557 126 2595 47)
146 2560 338 2594 perdition
352 2561 400 2594 is,
420 2560 460 2594 C,
491 2559 521 2588 S.
543 2568 572 2588 u.
593 2559 671 2594 Mg.;
693 2559 724 2587 P.
745 2557 824 2585 hatte
853 2566 949 2593 urspr.
969 2557 1045 2584 auch
1065 2558 1121 2584 den
1141 2558 1237 2587 Dativ.
1275 2559 1324 2595 48)
1344 2560 1419 2587 nach

151 2607 238 2633 sorde
258 2607 336 2633 steht
358 2608 394 2632 im
416 2607 487 2634 Cod.
509 2606 597 2640 fuit,
620 2606 671 2631 das
688 2605 795 2636 jodoch
817 2605 909 2630 sehon
929 2613 985 2630 von
1006 2605 1082 2630 alter
1101 2605 1184 2631 Hand
1209 2605 1299 2631 durch
1319 2606 1420 2632 Unter-

150 2652 321 2687 streiclnung
340 2652 384 2678 als
405 2651 584 2686 {ibet-ssiissig
609 2652 782 2678 bezeichnet
801 2651 918 2686 wurde3
946 2659 978 2677 es
998 2651 1036 2676 ist
1054 2650 1129 2677 anch
1149 2651 1177 2677 in
1198 2651 1229 2680 P.
1241 2652 1420 2686 gestrichen.

151 2697 201 2732 49)
222 2699 414 2732 omnibus,
434 2697 508 2724 fehlt
527 2698 556 2724 in
577 2698 608 2726 C.
629 2707 658 2725 u.
678 2698 708 2724 S.
744 2698 795 2732 50)
817 2697 980 2724 delectatur
1000 2698 1045 2733 in,
1064 2697 1106 2725 Μ.
