1702 2939
763 204 1080 249 -233-

781 322 1076 375 Sapientia.

245 394 459 433 Abscisum
475 393 528 444 ⁴⁰)
560 392 766 431 morientis
787 393 892 431 filiae
919 395 1041 444 eaput
1071 391 1353 443 amplectendo
1383 389 1610 443 impressis-

244 477 321 514 que
355 462 476 500 labris
508 461 690 500 crebrius
721 461 1006 507 deosculando,
1039 461 1302 511 congratulor
1336 459 1419 506 tibi,
1441 457 1612 506 Christe,

244 531 311 583 qni
343 530 526 570 tantillae
557 529 766 568 victoriani
798 528 1036 581 praestitisti
1068 529 1284 580 puellulae.
1301 527 1393 578 ⁴⁰¹¹)

732 597 1089 636 'Hadrianus

244 667 359 720 Spes,
391 667 490 706 cede
520 666 620 705 mois
636 665 724 717 ⁴⁰¹³)
753 665 1017 706 hortamentis
1047 669 1217 719 paterno
1249 663 1395 704 affectu
1430 663 1501 704 tibi
1519 677 1611 703 con-

246 737 379 776 lentis.

863 790 1006 843 Spes

249 862 357 908 Quid
390 861 577 910 hortaris,
610 861 706 913 quid
737 860 945 900 consulis?

772 928 1088 968 Hadrianus.

248 1000 303 1040 st
336 1012 485 1038 caveas
517 998 783 1051 pertinaciam
814 997 962 1036 imitari
993 1010 1163 1045 SOl'Ol'lS,
1205 1009 1256 1035 ne
1288 995 1483 1035 similibus
1514 995 1614 1034 inte-

248 1081 340 1108 reas
372 1068 524 1121 poenis,

865 1121 1004 1175 Spes

253 1194 286 1234 Ο
309 1194 462 1234 utinam
493 1192 785 1232 admeruissem
802 1192 911 1231 illam
942 1191 1088 1231 imitari
1117 1190 1326 1244 patiendo,
1358 1203 1436 1243 quo
1467 1190 1525 1230 illi
1553 1202 1616 1229 as-

248 1264 446 1303 similarer
477 1262 516 1301 in
547 1262 745 1314 praemio!

772 1328 1088 1368 Hadrianus.

250 1401 417 1454 Depone
457 1399 605 1438 callum
645 1398 826 1451 pectoris
858 1401 899 1437 ct
940 1397 1198 1449 conquinisce
1230 1395 1468 1436 turificando
1500 1408 1612 1447 mag-

249 1483 326 1508 nae
357 1469 535 1514 Dianae,
569 1470 609 1506 ct
641 1480 718 1518 ego
749 1469 789 1505 te
820 1466 1008 1519 propriae
1039 1466 1163 1519 prolis
1194 1465 1284 1504 vice
1316 1465 1459 1505 excolo
1489 1468 1612 1517 atque

251 1538 403 1577 extollo
436 1535 541 1576 ouini
572 1535 800 1574 dilectione.

865 1603 1006 1656 Spes

252 1675 547 1714 Paternitatem
587 1678 698 1713 tuam
737 1673 926 1726 repudio,
971 1675 1042 1710 tua
1080 1670 1276 1710 beneficia
1314 1670 1475 1728 rninime
1515 1669 1619 1708 desi-

253 1743 373 1793 dero3
405 1747 653 1796 quapropter
683 1754 815 1781 ’vacua
845 1755 917 1794 spe
948 1739 1170 1792 deciperis,
1212 1740 1246 1779 si
1276 1753 1339 1779 me
1370 1738 1441 1778 tibi
1471 1739 1619 1777 cedere

252 1813 367 1851 reris.

776 1867 1092 1906 Hadrianus.

256 1936 446 1989 Loquere
477 1936 653 1989 parciuS,
690 1949 742 1975 ne
773 1936 937 1975 irascar.

875 2003 1017 2056 Spes

252 2073 454 2123 Irascere,
489 2087 567 2112 nec
598 2072 800 2113 sollicitor.

786 2140 1097 2181 Antiochus.

255 2211 408 2259 Miror,
440 2211 655 2262 Auguste,
701 2209 808 2262 quod
849 2210 898 2248 ab
929 2209 1004 2248 hae
1035 2208 1105 2246 vili
1136 2207 1316 2260 puellula
1346 2210 1428 2246 tam
1455 2206 1524 2245 diu
1555 2218 1619 2245 ca-

254 2280 469 2332 lumpniari
490 2279 654 2332 pateris,
686 2291 763 2330 ego
781 2278 941 2329 quidem
973 2277 1203 2329 disrumpor
1225 2288 1322 2328 prae
1341 2276 1491 2324 surore,
1523 2274 1618 2327 quia

255 2349 364 2387 illam
396 2347 514 2387 audio
545 2351 625 2386 tam
657 2350 811 2386 temere
842 2347 881 2385 in
913 2349 952 2385 tc
984 2346 1146 2384 latrare.

776 2414 1096 2453 Hadrianus.

254 2489 465 2528 Hactenus
494 2484 688 2523 infantiae
720 2484 948 2536 parcebam,
979 2483 1087 2522 ultra
1116 2494 1196 2521 non
1226 2492 1402 2534 parcam,
1435 2479 1508 2519 sed
1533 2492 1616 2519 me-

256 2558 375 2596 ritam
405 2554 599 2594 ultionem
630 2553 812 2590 inferam.

291 2679 340 2714 40)
360 2677 592 2719 abscissum,
614 2674 644 2702 C.
667 2683 694 2700 u.
717 2673 747 2702 S.
769 2675 841 2709 tion)
862 2674 1035 2708 puellae,
1059 2673 1101 2707 C.‚
1123 2673 1152 2699 S.
1174 2681 1201 2701 n.
1225 2672 1283 2708 Mg.
1303 2669 1570 2707 401³)1nei,M2.
