1702 2939
598 204 913 246 —297-

608 321 653 361 M
667 333 690 361 a
700 324 717 362 t
729 335 749 360 r
761 334 782 361 o
795 334 820 361 n
834 333 857 360 a
870 334 903 360 e.

72 391 148 430 Vis
177 390 387 430 nobiscum
418 390 530 430 abire
540 390 560 430 2>

611 457 638 498 S
649 471 672 498 a
686 458 736 511 pi
751 471 772 497 e
784 460 836 497 nt
848 458 862 497 i
873 471 907 498 a.

71 517 250 557 Minime.

610 573 655 612 M
671 585 694 612 a
706 576 722 613 t
734 587 754 612 r
767 587 788 614 o
800 586 827 611 n
839 585 862 612 a
872 586 906 612 e.

71 643 126 684 Et
157 643 254 696 quid
283 642 495 683 meditaris
527 643 689 694 agere?

620 710 908 763 Sapientia.

74 780 154 819 Hie
194 793 428 829 remanere,
471 780 503 819 si
542 780 647 820 sorte
678 779 819 818 veniat
848 791 939 818 mea
968 779 1110 831 petitio
1143 780 1185 818 et
1214 778 1447 832 impleatur,

74 849 181 901 quod
213 849 412 889 desidero.

622 904 667 944 M
677 917 699 943 a
711 908 728 944 t
739 918 759 943 r
771 918 791 944 0
803 918 829 943 n
842 917 865 943 a
879 918 911 944 0.

74 974 183 1021 Quid
212 975 351 1028 petis?
385 974 493 1021 Quid
525 974 767 1013 desideras?

620 1042 916 1095 Sapientia.

73 1112 124 1151 Id
155 1112 417 1161 solummodo,
448 1115 493 1152 ut
524 1112 705 1152 oratione
738 1112 939 1164 completa
969 1110 1119 1150 moriar
1148 1110 1189 1149 in
1221 1108 1394 1150 Christo.

611 1180 904 1220 Matronae.

75 1250 236 1299 Restat,
269 1252 314 1289 ut
345 1251 624 1303 expectemus,
656 1249 785 1288 donee
817 1250 857 1288 et
886 1251 928 1288 te
959 1248 1197 1301 sepulturae
1230 1248 1451 1288 tradamus.

615 1317 913 1370 Sapientia.

76 1387 133 1428 Ut
162 1387 273 1426 libet.
332 1387 525 1440 Adonay,
557 1386 810 1434 Emmanuel,
843 1399 963 1438 quem
993 1387 1104 1425 retro
1135 1387 1320 1438 tempora
1350 1385 1451 1425 divi-

73 1456 181 1495 nitas
217 1456 344 1495 edidit
368 1455 672 1508 Omniparentis
706 1458 746 1495 et
776 1456 816 1494 in
846 1458 1030 1508 tempore
1060 1454 1277 1506 virginitas
1293 1454 1347 1507 ⁶³)
1379 1467 1451 1506 ge-

73 1525 162 1564 nuit
192 1525 346 1573 matris,
379 1525 446 1576 qui
477 1538 531 1564 ex
562 1525 719 1564 duabus
750 1525 906 1563 naturis
938 1537 1044 1563 unus
1068 1521 1254 1563 Christus
1283 1523 1451 1562 mirifice

79 1594 278 1641 consistis,
319 1606 395 1632 nee
441 1593 681 1632 diversitate
726 1597 966 1632 naturarum
1006 1592 1205 1631 unitatem
1248 1604 1451 1644 personae

71 1662 283 1710 dividens,
325 1675 402 1700 neo
445 1662 603 1701 unitate
645 1674 847 1714 personae
890 1661 1174 1700 diversitatem
1211 1663 1452 1699 naturarum

71 1731 339 1778 confundens,
371 1730 444 1769 tibi
469 1731 617 1782 jubilet
642 1731 819 1782 joconda
850 1730 1051 1769 serenitas
1083 1730 1329 1780 angelorum
1360 1729 1448 1767 dul-

71 1799 210 1850 cisque
243 1799 453 1837 harmonia
484 1799 675 1847 siderum,
709 1806 748 1838 te
781 1812 940 1851 quoque
973 1799 1179 1837 collaudet
1218 1797 1341 1837 totius
1374 1797 1451 1836 sci-

70 1867 161 1906 bilis
192 1868 253 1906 rei
285 1867 457 1906 scientia
489 1881 700 1919 omneque,
750 1868 857 1919 quod
889 1881 943 1906 ex
976 1867 1271 1905 elementorum
1302 1866 1451 1905 forma-

71 1939 138 1974 tur
177 1937 370 1984 materia,
414 1936 507 1987 quia
546 1938 610 1984 tu,
655 1937 722 1988 qui
768 1937 879 1975 solus
922 1949 1014 1974 cum
1051 1935 1176 1974 Patre
1217 1937 1258 1974 et
1297 1933 1452 1987 Spiritu

71 2006 212 2042 sancto
245 2017 288 2042 es
320 2005 450 2043 forma
480 2004 567 2042 sine
596 2005 770 2044 materia
802 2018 856 2044 cx
881 2005 1016 2044 Patris
1047 2004 1260 2043 voluntate
1292 2006 1334 2042 et
1360 2002 1449 2056 Spi-

70 2072 173 2110 ritus
214 2073 344 2111 sancti
376 2073 674 2124 cooperatione,
716 2087 797 2112 non
828 2073 1023 2126 respuisti
1054 2072 1142 2111 fieri
1173 2072 1290 2111 homo
1320 2071 1450 2124 passi-

76 2141 167 2180 bilis
199 2141 461 2187 humanitate,
494 2141 609 2179 salva
640 2141 864 2180 divinitatis
896 2139 1290 2193 inpassibilitateffl)
1322 2142 1373 2187 et,
1405 2141 1452 2180 ut

69 2210 207 2248 nullus
238 2209 279 2248 in
311 2212 351 2248 te
384 2210 637 2248 credentium
668 2210 841 2262 periret,
883 2210 956 2248 sed
996 2209 1123 2248 omnis
1154 2208 1285 2247 fidelis
1318 2214 1450 2248 aeter-

70 2278 220 2317 naliter
251 2279 425 2325 viveret,
452 2281 622 2317 mortem
644 2281 825 2317 nostram
848 2290 927 2316 non
952 2278 1199 2329 dedignatus
1217 2290 1260 2316 es
1279 2279 1451 2329 gustare

71 2349 224 2398 tuaque
270 2347 572 2386 resurrectione
615 2359 866 2385 consumere.
927 2346 986 2385 Te
1032 2347 1172 2394 etiam,
1218 2347 1450 2398 perfectum

82 2414 215 2454 Deum
245 2416 529 2467 hominemque
561 2428 717 2463 verum,
734 2416 881 2462 recolo,
899 2415 1132 2467 promisisse
1165 2415 1360 2462 omnibus
1384 2414 1452 2466 qui

78 2497 153 2537 pro
184 2485 244 2524 tui
275 2485 446 2524 nominis
477 2484 744 2523 veneratione
775 2484 843 2522 vel
870 2486 1060 2522 terrenae
1086 2497 1206 2522 usum
1226 2482 1449 2536 possessio-

106 2630 156 2664 6³)
177 2629 218 2657 M.
239 2629 289 2655 hat
311 2630 390 2656 nicht
411 2631 671 2665 virginitatis,
693 2639 717 2657 s.
733 2629 794 2665 Mg.
816 2639 843 2664 p.
865 2629 924 2659 446.
948 2630 1034 2658 Anm.
1053 2637 1080 2658 a.
1118 2629 1166 2664 64]
1186 2628 1348 2655 divinitatis
1372 2636 1445 2662 pas-

178 2676 403 2703 sibilitate.
425 2676 556 2704 C.1=‚S.
