<?xml version="1.0" encoding="UTF-8"?>
<!DOCTYPE html PUBLIC "-//W3C//DTD XHTML 1.0 Transitional//EN"
    "http://www.w3.org/TR/xhtml1/DTD/xhtml1-transitional.dtd">
<html xmlns="http://www.w3.org/1999/xhtml" xml:lang="en" lang="en">
 <head>
  <title>
</title>
<meta http-equiv="Content-Type" content="text/html;charset=utf-8" />
  <meta name='ocr-system' content='tesseract 3.04.00' />
  <meta name='ocr-capabilities' content='ocr_page ocr_carea ocr_par ocr_line ocrx_word'/>
</head>
<body>
  <div class='ocr_page' id='page_1' title='image "./diewerke00hrotuoft_0199.png"; bbox 0 0 1702 2939; ppageno 0'>
   <div class='ocr_carea' id='block_1_1' title="bbox 90 433 154 477">
    <p class='ocr_par' dir='ltr' id='par_1_1' title="bbox 90 433 154 477">
     <span class='ocr_line' id='line_1_1' title="bbox 90 433 154 477; baseline 0 -1"><span class='ocrx_word' id='word_1_1' title='bbox 90 433 154 477; x_wconf 84' lang='lat'>90.</span> 
     </span>
    </p>
   </div>
   <div class='ocr_carea' id='block_1_2' title="bbox 66 1118 156 1160">
    <p class='ocr_par' dir='ltr' id='par_1_2' title="bbox 66 1118 156 1160">
     <span class='ocr_line' id='line_1_2' title="bbox 66 1118 156 1160; baseline 0.011 -1"><span class='ocrx_word' id='word_1_2' title='bbox 66 1118 156 1160; x_wconf 90' lang='lat'>100.</span> 
     </span>
    </p>
   </div>
   <div class='ocr_carea' id='block_1_3' title="bbox 67 1459 157 1501">
    <p class='ocr_par' dir='ltr' id='par_1_3' title="bbox 67 1459 157 1501">
     <span class='ocr_line' id='line_1_3' title="bbox 67 1459 157 1501; baseline 0 -1"><span class='ocrx_word' id='word_1_3' title='bbox 67 1459 157 1501; x_wconf 80' lang='lat'>105.</span> 
     </span>
    </p>
   </div>
   <div class='ocr_carea' id='block_1_4' title="bbox 67 1803 156 1843">
    <p class='ocr_par' dir='ltr' id='par_1_4' title="bbox 67 1803 156 1843">
     <span class='ocr_line' id='line_1_4' title="bbox 67 1803 156 1843; baseline 0 0"><span class='ocrx_word' id='word_1_4' title='bbox 67 1803 156 1843; x_wconf 79' lang='grc'><strong>110.</strong></span> 
     </span>
    </p>
   </div>
   <div class='ocr_carea' id='block_1_5' title="bbox 65 2518 261 2524">
    <p class='ocr_par' dir='ltr' id='par_1_5' title="bbox 65 2518 261 2524">
     <span class='ocr_line' id='line_1_5' title="bbox 65 2518 261 2524; baseline 0 0"><span class='ocrx_word' id='word_1_5' title='bbox 65 2518 261 2524; x_wconf 95' lang='lat' dir='ltr'> </span> 
     </span>
    </p>
   </div>
   <div class='ocr_carea' id='block_1_6' title="bbox 107 2573 162 2598">
    <p class='ocr_par' dir='ltr' id='par_1_6' title="bbox 107 2573 162 2598">
     <span class='ocr_line' id='line_1_6' title="bbox 107 2573 162 2598; baseline -0.018 0"><span class='ocrx_word' id='word_1_6' title='bbox 107 2573 162 2598; x_wconf 81' lang='grc'><strong>100.</strong></span> 
     </span>
    </p>
   </div>
   <div class='ocr_carea' id='block_1_7' title="bbox 590 247 905 293">
    <p class='ocr_par' dir='ltr' id='par_1_7' title="bbox 590 247 905 293">
     <span class='ocr_line' id='line_1_7' title="bbox 590 247 905 293; baseline -0.003 -1"><span class='ocrx_word' id='word_1_7' title='bbox 590 247 905 293; x_wconf 50' lang='grc'><strong>*121*-</strong></span> 
     </span>
    </p>
   </div>
   <div class='ocr_carea' id='block_1_8' title="bbox 174 365 1356 760">
    <p class='ocr_par' dir='ltr' id='par_1_8' title="bbox 174 365 1356 760">
     <span class='ocr_line' id='line_1_8' title="bbox 174 365 1356 419; baseline 0 -12"><span class='ocrx_word' id='word_1_8' title='bbox 174 367 335 417; x_wconf 82' lang='lat' dir='ltr'>„Quem</span> <span class='ocrx_word' id='word_1_9' title='bbox 367 366 499 408; x_wconf 82' lang='lat' dir='ltr'>fateor</span> <span class='ocrx_word' id='word_1_10' title='bbox 530 367 660 406; x_wconf 89' lang='lat' dir='ltr'>solum</span> <span class='ocrx_word' id='word_1_11' title='bbox 690 379 789 419; x_wconf 82' lang='lat' dir='ltr'>prae</span> <span class='ocrx_word' id='word_1_12' title='bbox 821 366 977 407; x_wconf 86' lang='lat' dir='ltr'>eunetis</span> <span class='ocrx_word' id='word_1_13' title='bbox 1008 380 1099 408; x_wconf 84' lang='lat' dir='ltr'>esse</span> <span class='ocrx_word' id='word_1_14' title='bbox 1131 365 1356 408; x_wconf 71' lang='lat' dir='ltr'>colendum.</span> 
     </span>
     <span class='ocr_line' id='line_1_9' title="bbox 177 436 1170 488; baseline 0.001 -13"><span class='ocrx_word' id='word_1_15' title='bbox 177 436 280 484; x_wconf 88' lang='lat' dir='ltr'>„Ille</span> <span class='ocrx_word' id='word_1_16' title='bbox 313 436 476 488; x_wconf 88' lang='lat' dir='ltr'>quidem</span> <span class='ocrx_word' id='word_1_17' title='bbox 504 436 597 475; x_wconf 83' lang='lat' dir='ltr'>talis</span> <span class='ocrx_word' id='word_1_18' title='bbox 631 449 694 474; x_wconf 90' lang='lat' dir='ltr'>me</span> <span class='ocrx_word' id='word_1_19' title='bbox 726 436 991 488; x_wconf 75' lang='lat' dir='ltr'>desponsavit</span> <span class='ocrx_word' id='word_1_20' title='bbox 1023 437 1170 476; x_wconf 80' lang='lat' dir='ltr'>amoris</span> 
     </span>
     <span class='ocr_line' id='line_1_10' title="bbox 175 505 1263 556; baseline 0 -12"><span class='ocrx_word' id='word_1_21' title='bbox 175 505 380 556; x_wconf 77' lang='lat' dir='ltr'>„Pignore</span> <span class='ocrx_word' id='word_1_22' title='bbox 413 517 488 543; x_wconf 90' lang='lat' dir='ltr'>eeu</span> <span class='ocrx_word' id='word_1_23' title='bbox 520 517 722 556; x_wconf 82' lang='lat' dir='ltr'>sponsam,</span> <span class='ocrx_word' id='word_1_24' title='bbox 755 505 865 543; x_wconf 81' lang='lat' dir='ltr'>clara</span> <span class='ocrx_word' id='word_1_25' title='bbox 895 505 1070 544; x_wconf 84' lang='lat' dir='ltr'>dotando</span> <span class='ocrx_word' id='word_1_26' title='bbox 1103 518 1263 554; x_wconf 82' lang='lat' dir='ltr'>corona,</span> 
     </span>
     <span class='ocr_line' id='line_1_11' title="bbox 174 573 1272 626; baseline 0 -14"><span class='ocrx_word' id='word_1_27' title='bbox 174 574 336 625; x_wconf 84' lang='lat' dir='ltr'><strong>„Atque</strong></span> <span class='ocrx_word' id='word_1_28' title='bbox 368 587 503 612; x_wconf 89' lang='lat' dir='ltr'>meum</span> <span class='ocrx_word' id='word_1_29' title='bbox 533 574 703 625; x_wconf 86' lang='lat' dir='ltr'>gemmis</span> <span class='ocrx_word' id='word_1_30' title='bbox 735 573 882 612; x_wconf 82' lang='lat' dir='ltr'>collum</span> <span class='ocrx_word' id='word_1_31' title='bbox 913 574 1041 612; x_wconf 78' lang='lat' dir='ltr'>cinxit</span> <span class='ocrx_word' id='word_1_32' title='bbox 1070 574 1272 626; x_wconf 76' lang='lat' dir='ltr'>pretiosis,</span> 
     </span>
     <span class='ocr_line' id='line_1_12' title="bbox 174 642 1247 694; baseline -0.001 -13"><span class='ocrx_word' id='word_1_33' title='bbox 174 642 380 691; x_wconf 77' lang='lat' dir='ltr'>„Auribus</span> <span class='ocrx_word' id='word_1_34' title='bbox 413 645 454 680; x_wconf 87' lang='lat' dir='ltr'>et</span> <span class='ocrx_word' id='word_1_35' title='bbox 483 642 797 694; x_wconf 73' lang='lat' dir='ltr'>resplendentes</span> <span class='ocrx_word' id='word_1_36' title='bbox 829 642 1041 694; x_wconf 74' lang='lat' dir='ltr'>suspendit</span> <span class='ocrx_word' id='word_1_37' title='bbox 1070 642 1247 690; x_wconf 74' lang='lat' dir='ltr'>inaures,</span> 
     </span>
     <span class='ocr_line' id='line_1_13' title="bbox 174 710 1211 760; baseline -0.001 -10"><span class='ocrx_word' id='word_1_38' title='bbox 174 710 409 760; x_wconf 88' lang='lat' dir='ltr'>„Praebens</span> <span class='ocrx_word' id='word_1_39' title='bbox 441 714 609 750; x_wconf 84' lang='lat' dir='ltr'>ornatus</span> <span class='ocrx_word' id='word_1_40' title='bbox 640 710 744 749; x_wconf 76' lang='lat' dir='ltr'>varii</span> <span class='ocrx_word' id='word_1_41' title='bbox 775 710 906 748; x_wconf 79' lang='lat' dir='ltr'>claros</span> <span class='ocrx_word' id='word_1_42' title='bbox 938 710 1035 749; x_wconf 81' lang='lat' dir='ltr'>milii</span> <span class='ocrx_word' id='word_1_43' title='bbox 1066 711 1211 749; x_wconf 83' lang='lat' dir='ltr'>cultus.</span> 
     </span>
    </p>
   </div>
   <div class='ocr_carea' id='block_1_9' title="bbox 149 778 1029 832">
    <p class='ocr_par' dir='ltr' id='par_1_9' title="bbox 149 778 1029 832">
     <span class='ocr_line' id='line_1_14' title="bbox 149 778 1029 832; baseline -0.005 -13"><span class='ocrx_word' id='word_1_44' title='bbox 149 779 338 832; x_wconf 88' lang='lat' dir='ltr'>.‚‚Ipsius</span> <span class='ocrx_word' id='word_1_45' title='bbox 370 781 482 818; x_wconf 85' lang='lat' dir='ltr'>certe</span> <span class='ocrx_word' id='word_1_46' title='bbox 514 779 684 818; x_wconf 79' lang='lat' dir='ltr'>dulcedo</span> <span class='ocrx_word' id='word_1_47' title='bbox 716 778 836 817; x_wconf 82' lang='lat' dir='ltr'>fluxit</span> <span class='ocrx_word' id='word_1_48' title='bbox 866 779 915 817; x_wconf 86' lang='lat' dir='ltr'>ab</span> <span class='ocrx_word' id='word_1_49' title='bbox 947 792 1029 827; x_wconf 84' lang='lat' dir='ltr'>ore,</span> 
     </span>
    </p>
   </div>
   <div class='ocr_carea' id='block_1_10' title="bbox 174 847 1432 2130">
    <p class='ocr_par' dir='ltr' id='par_1_10' title="bbox 174 847 1432 1857">
     <span class='ocr_line' id='line_1_15' title="bbox 175 847 1186 899; baseline -0.001 -13"><span class='ocrx_word' id='word_1_50' title='bbox 175 848 320 896; x_wconf 84' lang='lat' dir='ltr'>„Quae</span> <span class='ocrx_word' id='word_1_51' title='bbox 348 861 412 886; x_wconf 92' lang='lat' dir='ltr'>me</span> <span class='ocrx_word' id='word_1_52' title='bbox 443 848 622 893; x_wconf 63' lang='lat' dir='ltr'>laetavit,</span> <span class='ocrx_word' id='word_1_53' title='bbox 655 847 763 886; x_wconf 72' lang='lat' dir='ltr'>dulci</span> <span class='ocrx_word' id='word_1_54' title='bbox 792 849 993 899; x_wconf 81' lang='lat' dir='ltr'>pastuque</span> <span class='ocrx_word' id='word_1_55' title='bbox 1025 847 1186 894; x_wconf 65' lang='lat' dir='ltr'>cibavit,</span> 
     </span>
     <span class='ocr_line' id='line_1_16' title="bbox 175 915 1206 967; baseline -0.002 -12"><span class='ocrx_word' id='word_1_56' title='bbox 175 915 289 964; x_wconf 89' lang='lat' dir='ltr'>„Ceu</span> <span class='ocrx_word' id='word_1_57' title='bbox 318 918 460 955; x_wconf 76' lang='lat' dir='ltr'>nectar</span> <span class='ocrx_word' id='word_1_58' title='bbox 488 916 632 963; x_wconf 74' lang='lat' dir='ltr'>mellis,</span> <span class='ocrx_word' id='word_1_59' title='bbox 663 916 802 954; x_wconf 78' lang='lat' dir='ltr'>suavis</span> <span class='ocrx_word' id='word_1_60' title='bbox 833 915 901 954; x_wconf 74' lang='lat' dir='ltr'>vel</span> <span class='ocrx_word' id='word_1_61' title='bbox 933 916 1046 967; x_wconf 79' lang='lat' dir='ltr'>eopia</span> <span class='ocrx_word' id='word_1_62' title='bbox 1078 915 1206 954; x_wconf 86' lang='lat' dir='ltr'>laetis.</span> 
     </span>
     <span class='ocr_line' id='line_1_17' title="bbox 177 983 1432 1036; baseline -0.001 -13"><span class='ocrx_word' id='word_1_63' title='bbox 177 983 377 1036; x_wconf 86' lang='lat' dir='ltr'>„Insuper</span> <span class='ocrx_word' id='word_1_64' title='bbox 409 989 450 1023; x_wconf 82' lang='lat' dir='ltr'>et</span> <span class='ocrx_word' id='word_1_65' title='bbox 479 985 700 1023; x_wconf 84' lang='lat' dir='ltr'>thala-mum</span> <span class='ocrx_word' id='word_1_66' title='bbox 730 984 911 1024; x_wconf 82' lang='lat' dir='ltr'>mihimet</span> <span class='ocrx_word' id='word_1_67' title='bbox 942 985 1172 1023; x_wconf 77' lang='lat' dir='ltr'>construxit</span> <span class='ocrx_word' id='word_1_68' title='bbox 1201 983 1241 1023; x_wconf 92' lang='lat' dir='ltr'>in</span> <span class='ocrx_word' id='word_1_69' title='bbox 1272 995 1432 1031; x_wconf 80' lang='lat' dir='ltr'>aevum,</span> 
     </span>
     <span class='ocr_line' id='line_1_18' title="bbox 175 1052 1200 1105; baseline 0 -15"><span class='ocrx_word' id='word_1_70' title='bbox 175 1052 425 1100; x_wconf 60' lang='lat' dir='ltr'>„Lucentem</span> <span class='ocrx_word' id='word_1_71' title='bbox 455 1054 625 1103; x_wconf 80' lang='lat' dir='ltr'>gemmis</span> <span class='ocrx_word' id='word_1_72' title='bbox 655 1053 780 1091; x_wconf 82' lang='lat' dir='ltr'>variis</span> <span class='ocrx_word' id='word_1_73' title='bbox 811 1054 980 1105; x_wconf 66' lang='lat' dir='ltr'>aurique</span> <span class='ocrx_word' id='word_1_74' title='bbox 1011 1053 1200 1100; x_wconf 65' lang='lat' dir='ltr'>metallis,</span> 
     </span>
     <span class='ocr_line' id='line_1_19' title="bbox 177 1120 1220 1172; baseline -0.001 -13"><span class='ocrx_word' id='word_1_75' title='bbox 177 1120 372 1172; x_wconf 81' lang='lat' dir='ltr'>„Organa</span> <span class='ocrx_word' id='word_1_76' title='bbox 403 1121 586 1159; x_wconf 85' lang='lat' dir='ltr'>melodiis</span> <span class='ocrx_word' id='word_1_77' title='bbox 617 1122 658 1159; x_wconf 93' lang='lat' dir='ltr'>in</span> <span class='ocrx_word' id='word_1_78' title='bbox 691 1135 768 1172; x_wconf 89' lang='lat' dir='ltr'>quo</span> <span class='ocrx_word' id='word_1_79' title='bbox 799 1122 1029 1161; x_wconf 82' lang='lat' dir='ltr'>resonando</span> <span class='ocrx_word' id='word_1_80' title='bbox 1062 1121 1220 1159; x_wconf 76' lang='lat' dir='ltr'>canoris</span> 
     </span>
     <span class='ocr_line' id='line_1_20' title="bbox 176 1187 1345 1243; baseline 0 -16"><span class='ocrx_word' id='word_1_81' title='bbox 176 1187 375 1237; x_wconf 76' lang='lat' dir='ltr'>„Carmen</span> <span class='ocrx_word' id='word_1_82' title='bbox 407 1190 524 1227; x_wconf 76' lang='lat' dir='ltr'>dulce</span> <span class='ocrx_word' id='word_1_83' title='bbox 554 1189 652 1228; x_wconf 86' lang='lat' dir='ltr'>mihi</span> <span class='ocrx_word' id='word_1_84' title='bbox 683 1192 849 1229; x_wconf 74' lang='lat' dir='ltr'>cantant</span> <span class='ocrx_word' id='word_1_85' title='bbox 877 1204 951 1243; x_wconf 84' lang='lat' dir='ltr'>per</span> <span class='ocrx_word' id='word_1_86' title='bbox 982 1196 1166 1242; x_wconf 81' lang='lat' dir='ltr'>tempora</span> <span class='ocrx_word' id='word_1_87' title='bbox 1197 1188 1345 1238; x_wconf 80' lang='lat' dir='ltr'>saeeli;</span> 
     </span>
     <span class='ocr_line' id='line_1_21' title="bbox 177 1257 1202 1310; baseline 0.001 -15"><span class='ocrx_word' id='word_1_88' title='bbox 177 1257 257 1304; x_wconf 74' lang='lat' dir='ltr'>„Et</span> <span class='ocrx_word' id='word_1_89' title='bbox 286 1258 453 1310; x_wconf 78' lang='lat' dir='ltr'>pariter,</span> <span class='ocrx_word' id='word_1_90' title='bbox 485 1259 623 1310; x_wconf 81' lang='lat' dir='ltr'>sponsi</span> <span class='ocrx_word' id='word_1_91' title='bbox 654 1258 796 1296; x_wconf 81' lang='lat' dir='ltr'>laudes</span> <span class='ocrx_word' id='word_1_92' title='bbox 826 1259 1077 1298; x_wconf 75' lang='lat' dir='ltr'>modulantia</span> <span class='ocrx_word' id='word_1_93' title='bbox 1107 1258 1202 1306; x_wconf 79' lang='lat' dir='ltr'>cari,</span> 
     </span>
     <span class='ocr_line' id='line_1_22' title="bbox 175 1325 1264 1378; baseline 0 -14"><span class='ocrx_word' id='word_1_94' title='bbox 175 1325 317 1373; x_wconf 82' lang='lat' dir='ltr'>„Illius</span> <span class='ocrx_word' id='word_1_95' title='bbox 349 1325 538 1365; x_wconf 72' lang='lat' dir='ltr'>affectum</span> <span class='ocrx_word' id='word_1_96' title='bbox 568 1339 730 1378; x_wconf 77' lang='lat' dir='ltr'>semper</span> <span class='ocrx_word' id='word_1_97' title='bbox 761 1327 937 1366; x_wconf 82' lang='lat' dir='ltr'>suadent</span> <span class='ocrx_word' id='word_1_98' title='bbox 968 1327 1063 1365; x_wconf 88' lang='lat' dir='ltr'>mihi</span> <span class='ocrx_word' id='word_1_99' title='bbox 1095 1332 1264 1373; x_wconf 82' lang='lat' dir='ltr'>castum,</span> 
     </span>
     <span class='ocr_line' id='line_1_23' title="bbox 176 1394 1239 1447; baseline 0 -15"><span class='ocrx_word' id='word_1_100' title='bbox 176 1394 363 1442; x_wconf 80' lang='lat' dir='ltr'>„Affeetu</span> <span class='ocrx_word' id='word_1_101' title='bbox 393 1408 513 1446; x_wconf 87' lang='lat' dir='ltr'>quem</span> <span class='ocrx_word' id='word_1_102' title='bbox 544 1398 702 1434; x_wconf 78' lang='lat' dir='ltr'>secreto</span> <span class='ocrx_word' id='word_1_103' title='bbox 734 1394 890 1447; x_wconf 82' lang='lat' dir='ltr'>(quum)</span> <span class='ocrx_word' id='word_1_104' title='bbox 922 1395 1054 1434; x_wconf 88' lang='lat' dir='ltr'>eordis</span> <span class='ocrx_word' id='word_1_105' title='bbox 1085 1395 1239 1441; x_wconf 87' lang='lat' dir='ltr'>amabo,</span> 
     </span>
     <span class='ocr_line' id='line_1_24' title="bbox 174 1462 1197 1515; baseline 0.001 -15"><span class='ocrx_word' id='word_1_106' title='bbox 174 1462 323 1510; x_wconf 71' lang='lat' dir='ltr'>„Nulla</span> <span class='ocrx_word' id='word_1_107' title='bbox 353 1463 548 1514; x_wconf 79' lang='lat' dir='ltr'>puellaris</span> <span class='ocrx_word' id='word_1_108' title='bbox 579 1463 711 1514; x_wconf 82' lang='lat' dir='ltr'>patior</span> <span class='ocrx_word' id='word_1_109' title='bbox 744 1463 987 1502; x_wconf 83' lang='lat' dir='ltr'>detrimenta</span> <span class='ocrx_word' id='word_1_110' title='bbox 1018 1463 1197 1515; x_wconf 85' lang='lat' dir='ltr'>pudoris.</span> 
     </span>
     <span class='ocr_line' id='line_1_25' title="bbox 180 1530 1228 1584; baseline 0 -15"><span class='ocrx_word' id='word_1_111' title='bbox 180 1530 296 1579; x_wconf 77' lang='lat' dir='ltr'>‚‚Ast‚</span> <span class='ocrx_word' id='word_1_112' title='bbox 327 1531 395 1569; x_wconf 89' lang='lat' dir='ltr'>ubi</span> <span class='ocrx_word' id='word_1_113' title='bbox 426 1532 531 1570; x_wconf 83' lang='lat' dir='ltr'>forte</span> <span class='ocrx_word' id='word_1_114' title='bbox 563 1531 627 1570; x_wconf 84' lang='lat' dir='ltr'>sui</span> <span class='ocrx_word' id='word_1_115' title='bbox 654 1545 815 1570; x_wconf 85' lang='lat' dir='ltr'>merear</span> <span class='ocrx_word' id='word_1_116' title='bbox 846 1532 1126 1584; x_wconf 74' lang='lat' dir='ltr'>complexibus</span> <span class='ocrx_word' id='word_1_117' title='bbox 1158 1531 1228 1578; x_wconf 87' lang='lat' dir='ltr'>uti,</span> 
     </span>
     <span class='ocr_line' id='line_1_26' title="bbox 179 1599 1390 1652; baseline -0.001 -15"><span class='ocrx_word' id='word_1_118' title='bbox 179 1599 304 1651; x_wconf 84' lang='lat' dir='ltr'>„Ejus</span> <span class='ocrx_word' id='word_1_119' title='bbox 337 1602 378 1638; x_wconf 89' lang='lat' dir='ltr'>et</span> <span class='ocrx_word' id='word_1_120' title='bbox 408 1599 449 1638; x_wconf 92' lang='lat' dir='ltr'>in</span> <span class='ocrx_word' id='word_1_121' title='bbox 480 1600 712 1647; x_wconf 80' lang='lat' dir='ltr'>thalamum,</span> <span class='ocrx_word' id='word_1_122' title='bbox 745 1613 988 1652; x_wconf 81' lang='lat' dir='ltr'>sponsarum</span> <span class='ocrx_word' id='word_1_123' title='bbox 1018 1613 1129 1638; x_wconf 87' lang='lat' dir='ltr'>more</span> <span class='ocrx_word' id='word_1_124' title='bbox 1161 1611 1390 1646; x_wconf 86' lang='lat' dir='ltr'>eoruseum‚</span> 
     </span>
     <span class='ocr_line' id='line_1_27' title="bbox 177 1668 1194 1720; baseline 0 -14"><span class='ocrx_word' id='word_1_125' title='bbox 177 1668 318 1717; x_wconf 81' lang='lat' dir='ltr'>„Duei,</span> <span class='ocrx_word' id='word_1_126' title='bbox 350 1681 570 1720; x_wconf 84' lang='lat' dir='ltr'>permaneo</span> <span class='ocrx_word' id='word_1_127' title='bbox 602 1669 733 1719; x_wconf 79' lang='lat' dir='ltr'>virgo,</span> <span class='ocrx_word' id='word_1_128' title='bbox 765 1669 852 1707; x_wconf 85' lang='lat' dir='ltr'>sine</span> <span class='ocrx_word' id='word_1_129' title='bbox 883 1668 1003 1707; x_wconf 80' lang='lat' dir='ltr'>sorde</span> <span class='ocrx_word' id='word_1_130' title='bbox 1034 1668 1194 1719; x_wconf 88' lang='lat' dir='ltr'>pudiea.</span> 
     </span>
     <span class='ocr_line' id='line_1_28' title="bbox 178 1735 1165 1788; baseline -0.001 -13"><span class='ocrx_word' id='word_1_131' title='bbox 178 1735 279 1784; x_wconf 85' lang='lat' dir='ltr'>„Cui</span> <span class='ocrx_word' id='word_1_132' title='bbox 311 1737 439 1775; x_wconf 88' lang='lat' dir='ltr'>debeo</span> <span class='ocrx_word' id='word_1_133' title='bbox 470 1737 592 1776; x_wconf 85' lang='lat' dir='ltr'>fidem</span> <span class='ocrx_word' id='word_1_134' title='bbox 623 1737 698 1775; x_wconf 84' lang='lat' dir='ltr'>soli</span> <span class='ocrx_word' id='word_1_135' title='bbox 729 1749 898 1775; x_wconf 77' lang='lat' dir='ltr'>servare</span> <span class='ocrx_word' id='word_1_136' title='bbox 929 1749 1165 1788; x_wconf 84' lang='lat' dir='ltr'>perennem,</span> 
     </span>
     <span class='ocr_line' id='line_1_29' title="bbox 183 1805 1104 1857; baseline -0.001 -13"><span class='ocrx_word' id='word_1_137' title='bbox 183 1805 295 1857; x_wconf 74' lang='lat' dir='ltr'>„Ipsi</span> <span class='ocrx_word' id='word_1_138' title='bbox 324 1818 388 1843; x_wconf 90' lang='lat' dir='ltr'>me</span> <span class='ocrx_word' id='word_1_139' title='bbox 421 1808 503 1844; x_wconf 83' lang='lat' dir='ltr'>toto</span> <span class='ocrx_word' id='word_1_140' title='bbox 537 1805 669 1844; x_wconf 84' lang='lat' dir='ltr'>cordis</span> <span class='ocrx_word' id='word_1_141' title='bbox 702 1805 912 1843; x_wconf 80' lang='lat' dir='ltr'>conamine</span> <span class='ocrx_word' id='word_1_142' title='bbox 945 1805 1104 1843; x_wconf 80' lang='lat' dir='ltr'>oredo.“</span> 
     </span>
    </p>

    <p class='ocr_par' dir='ltr' id='par_1_11' title="bbox 176 1872 1378 2130">
     <span class='ocr_line' id='line_1_30' title="bbox 234 1872 1322 1925; baseline -0.002 -13"><span class='ocrx_word' id='word_1_143' title='bbox 234 1873 322 1921; x_wconf 88' lang='lat' dir='ltr'>His,</span> <span class='ocrx_word' id='word_1_144' title='bbox 353 1874 487 1921; x_wconf 84' lang='lat' dir='ltr'>miser,</span> <span class='ocrx_word' id='word_1_145' title='bbox 519 1874 682 1920; x_wconf 84' lang='lat' dir='ltr'>auditis,</span> <span class='ocrx_word' id='word_1_146' title='bbox 716 1873 882 1925; x_wconf 81' lang='lat' dir='ltr'>spiculis</span> <span class='ocrx_word' id='word_1_147' title='bbox 914 1873 1126 1924; x_wconf 87' lang='lat' dir='ltr'>perfossus</span> <span class='ocrx_word' id='word_1_148' title='bbox 1160 1872 1322 1919; x_wconf 88' lang='lat' dir='ltr'>amoris,</span> 
     </span>
     <span class='ocr_line' id='line_1_31' title="bbox 178 1940 1135 1993; baseline -0.001 -14"><span class='ocrx_word' id='word_1_149' title='bbox 178 1940 398 1992; x_wconf 82' lang='lat' dir='ltr'>Ingemuit,</span> <span class='ocrx_word' id='word_1_150' title='bbox 431 1943 574 1981; x_wconf 79' lang='lat' dir='ltr'>crebro</span> <span class='ocrx_word' id='word_1_151' title='bbox 607 1942 760 1980; x_wconf 74' lang='lat' dir='ltr'>ducens</span> <span class='ocrx_word' id='word_1_152' title='bbox 793 1941 969 1993; x_wconf 86' lang='lat' dir='ltr'>suspiria</span> <span class='ocrx_word' id='word_1_153' title='bbox 999 1941 1135 1991; x_wconf 81' lang='lat' dir='ltr'>longa,</span> 
     </span>
     <span class='ocr_line' id='line_1_32' title="bbox 176 2008 1319 2061; baseline -0.001 -14"><span class='ocrx_word' id='word_1_154' title='bbox 176 2008 266 2048; x_wconf 83' lang='lat' dir='ltr'>Hoe</span> <span class='ocrx_word' id='word_1_155' title='bbox 298 2011 391 2061; x_wconf 84' lang='lat' dir='ltr'>quia</span> <span class='ocrx_word' id='word_1_156' title='bbox 420 2024 500 2049; x_wconf 89' lang='lat' dir='ltr'>non</span> <span class='ocrx_word' id='word_1_157' title='bbox 523 2010 682 2058; x_wconf 89' lang='lat' dir='ltr'>meruit,</span> <span class='ocrx_word' id='word_1_158' title='bbox 715 2022 836 2048; x_wconf 79' lang='lat' dir='ltr'>caeco</span> <span class='ocrx_word' id='word_1_159' title='bbox 868 2009 975 2061; x_wconf 77' lang='lat' dir='ltr'>quo’d</span> <span class='ocrx_word' id='word_1_160' title='bbox 1008 2009 1129 2048; x_wconf 82' lang='lat' dir='ltr'>eorde</span> <span class='ocrx_word' id='word_1_161' title='bbox 1161 2008 1319 2060; x_wconf 82' lang='lat' dir='ltr'>petivit,</span> 
     </span>
     <span class='ocr_line' id='line_1_33' title="bbox 177 2076 1378 2130; baseline -0.001 -15"><span class='ocrx_word' id='word_1_162' title='bbox 177 2076 230 2116; x_wconf 74' lang='lat' dir='ltr'>Et</span> <span class='ocrx_word' id='word_1_163' title='bbox 262 2091 386 2129; x_wconf 81' lang='lat' dir='ltr'>super</span> <span class='ocrx_word' id='word_1_164' title='bbox 415 2078 491 2116; x_wconf 88' lang='lat' dir='ltr'>hoe</span> <span class='ocrx_word' id='word_1_165' title='bbox 522 2092 709 2117; x_wconf 87' lang='lat' dir='ltr'>moerens</span> <span class='ocrx_word' id='word_1_166' title='bbox 740 2078 942 2130; x_wconf 89' lang='lat' dir='ltr'>nimioque</span> <span class='ocrx_word' id='word_1_167' title='bbox 974 2078 1114 2116; x_wconf 86' lang='lat' dir='ltr'>dolore</span> <span class='ocrx_word' id='word_1_168' title='bbox 1147 2078 1378 2123; x_wconf 69' lang='lat' dir='ltr'>tabescens,</span> 
     </span>
    </p>
   </div>
   <div class='ocr_carea' id='block_1_11' title="bbox 157 2145 1218 2191">
    <p class='ocr_par' dir='ltr' id='par_1_12' title="bbox 157 2145 1218 2191">
     <span class='ocr_line' id='line_1_34' title="bbox 157 2145 1218 2191; baseline -0.001 -8"><span class='ocrx_word' id='word_1_169' title='bbox 157 2145 349 2184; x_wconf 79' lang='lat' dir='ltr'>.Decidit</span> <span class='ocrx_word' id='word_1_170' title='bbox 378 2147 419 2184; x_wconf 89' lang='lat' dir='ltr'>in</span> <span class='ocrx_word' id='word_1_171' title='bbox 450 2147 602 2185; x_wconf 78' lang='lat' dir='ltr'>lectum</span> <span class='ocrx_word' id='word_1_172' title='bbox 632 2146 895 2185; x_wconf 80' lang='lat' dir='ltr'>stultissimus</span> <span class='ocrx_word' id='word_1_173' title='bbox 925 2147 994 2184; x_wconf 91' lang='lat' dir='ltr'>ille</span> <span class='ocrx_word' id='word_1_174' title='bbox 1025 2145 1218 2191; x_wconf 77' lang='lat' dir='ltr'>virorum,</span> 
     </span>
    </p>
   </div>
   <div class='ocr_carea' id='block_1_12' title="bbox 177 2212 1323 2469">
    <p class='ocr_par' dir='ltr' id='par_1_13' title="bbox 177 2212 1323 2469">
     <span class='ocr_line' id='line_1_35' title="bbox 188 2212 1302 2264; baseline -0.002 -12"><span class='ocrx_word' id='word_1_175' title='bbox 188 2212 253 2260; x_wconf 76' lang='lat' dir='ltr'>Et,</span> <span class='ocrx_word' id='word_1_176' title='bbox 287 2214 480 2252; x_wconf 83' lang='lat' dir='ltr'>simulans</span> <span class='ocrx_word' id='word_1_177' title='bbox 510 2215 615 2252; x_wconf 84' lang='lat' dir='ltr'>male</span> <span class='ocrx_word' id='word_1_178' title='bbox 647 2214 900 2264; x_wconf 81' lang='lat' dir='ltr'>languorem,</span> <span class='ocrx_word' id='word_1_179' title='bbox 933 2213 1082 2252; x_wconf 72' lang='lat' dir='ltr'>celavit</span> <span class='ocrx_word' id='word_1_180' title='bbox 1112 2225 1302 2260; x_wconf 84' lang='lat' dir='ltr'>amorem,</span> 
     </span>
     <span class='ocr_line' id='line_1_36' title="bbox 181 2281 1323 2333; baseline 0 -14"><span class='ocrx_word' id='word_1_181' title='bbox 181 2281 262 2325; x_wconf 84' lang='lat' dir='ltr'>Qui</span> <span class='ocrx_word' id='word_1_182' title='bbox 293 2281 368 2320; x_wconf 90' lang='lat' dir='ltr'>sibi</span> <span class='ocrx_word' id='word_1_183' title='bbox 399 2294 522 2320; x_wconf 78' lang='lat' dir='ltr'>eausa</span> <span class='ocrx_word' id='word_1_184' title='bbox 553 2282 693 2332; x_wconf 73' lang='lat' dir='ltr'>gravis</span> <span class='ocrx_word' id='word_1_185' title='bbox 725 2282 861 2320; x_wconf 81' lang='lat' dir='ltr'>fuerat</span> <span class='ocrx_word' id='word_1_186' title='bbox 890 2295 970 2321; x_wconf 90' lang='lat' dir='ltr'>non</span> <span class='ocrx_word' id='word_1_187' title='bbox 1000 2293 1130 2333; x_wconf 79' lang='lat' dir='ltr'>parva</span> <span class='ocrx_word' id='word_1_188' title='bbox 1162 2281 1323 2320; x_wconf 87' lang='lat' dir='ltr'>doloris.</span> 
     </span>
     <span class='ocr_line' id='line_1_37' title="bbox 179 2349 1260 2401; baseline 0 -14"><span class='ocrx_word' id='word_1_189' title='bbox 179 2349 267 2387; x_wconf 72' lang='lat' dir='ltr'>Nee</span> <span class='ocrx_word' id='word_1_190' title='bbox 297 2362 421 2397; x_wconf 80' lang='lat' dir='ltr'>mora,</span> <span class='ocrx_word' id='word_1_191' title='bbox 454 2350 498 2388; x_wconf 87' lang='lat' dir='ltr'>fit</span> <span class='ocrx_word' id='word_1_192' title='bbox 528 2353 678 2396; x_wconf 85' lang='lat' dir='ltr'>notum,</span> <span class='ocrx_word' id='word_1_193' title='bbox 712 2350 819 2388; x_wconf 82' lang='lat' dir='ltr'>fama</span> <span class='ocrx_word' id='word_1_194' title='bbox 849 2350 1050 2401; x_wconf 83' lang='lat' dir='ltr'>prodente</span> <span class='ocrx_word' id='word_1_195' title='bbox 1083 2349 1260 2398; x_wconf 85' lang='lat' dir='ltr'>sinistra,</span> 
     </span>
     <span class='ocr_line' id='line_1_38' title="bbox 177 2416 1104 2469; baseline 0.002 -15"><span class='ocrx_word' id='word_1_196' title='bbox 177 2416 329 2455; x_wconf 75' lang='lat' dir='ltr'>Natum</span> <span class='ocrx_word' id='word_1_197' title='bbox 360 2418 562 2469; x_wconf 81' lang='lat' dir='ltr'>praefecti</span> <span class='ocrx_word' id='word_1_198' title='bbox 592 2417 712 2456; x_wconf 88' lang='lat' dir='ltr'>nimio</span> <span class='ocrx_word' id='word_1_199' title='bbox 744 2418 943 2468; x_wconf 80' lang='lat' dir='ltr'>languore</span> <span class='ocrx_word' id='word_1_200' title='bbox 974 2418 1104 2468; x_wconf 83' lang='lat' dir='ltr'>ligari.</span> 
     </span>
    </p>
   </div>
   <div class='ocr_carea' id='block_1_13' title="bbox 264 2521 338 2525">
    <p class='ocr_par' dir='ltr' id='par_1_14' title="bbox 264 2521 338 2525">
     <span class='ocr_line' id='line_1_39' title="bbox 264 2521 338 2525; baseline 0 0"><span class='ocrx_word' id='word_1_201' title='bbox 264 2521 338 2525; x_wconf 95' lang='lat' dir='ltr'> </span> 
     </span>
    </p>
   </div>
   <div class='ocr_carea' id='block_1_14' title="bbox 179 2571 1441 2744">
    <p class='ocr_par' dir='ltr' id='par_1_15' title="bbox 179 2571 1441 2744">
     <span class='ocr_line' id='line_1_40' title="bbox 185 2571 1440 2606; baseline -0.001 -9"><span class='ocrx_word' id='word_1_202' title='bbox 185 2572 360 2606; x_wconf 77' lang='lat' dir='ltr'>Orgona,</span> <span class='ocrx_word' id='word_1_203' title='bbox 379 2572 419 2598; x_wconf 88' lang='grc' dir='ltr'>Μ.</span> <span class='ocrx_word' id='word_1_204' title='bbox 445 2581 473 2600; x_wconf 87' lang='lat' dir='ltr'>u.</span> <span class='ocrx_word' id='word_1_205' title='bbox 503 2573 534 2600; x_wconf 88' lang='lat' dir='ltr'>P.</span> <span class='ocrx_word' id='word_1_206' title='bbox 583 2573 638 2600; x_wconf 71' lang='lat'>104.</span> <span class='ocrx_word' id='word_1_207' title='bbox 668 2573 784 2599; x_wconf 79' lang='lat' dir='ltr'>Affectu</span> <span class='ocrx_word' id='word_1_208' title='bbox 814 2581 898 2606; x_wconf 84' lang='lat' dir='ltr'>quem</span> <span class='ocrx_word' id='word_1_209' title='bbox 923 2577 1037 2599; x_wconf 71' lang='lat' dir='ltr'>secreto</span> <span class='ocrx_word' id='word_1_210' title='bbox 1066 2573 1163 2599; x_wconf 81' lang='lat' dir='ltr'>cordis</span> <span class='ocrx_word' id='word_1_211' title='bbox 1183 2574 1296 2605; x_wconf 60' lang='lat' dir='ltr'>amabo,</span> <span class='ocrx_word' id='word_1_212' title='bbox 1326 2572 1366 2597; x_wconf 84' lang='lat' dir='ltr'>M.</span> <span class='ocrx_word' id='word_1_213' title='bbox 1394 2571 1440 2597; x_wconf 79' lang='lat' dir='ltr'>Af-</span> 
     </span>
     <span class='ocr_line' id='line_1_41' title="bbox 179 2617 1441 2652; baseline -0.002 -9"><span class='ocrx_word' id='word_1_214' title='bbox 179 2620 272 2651; x_wconf 67' lang='lat' dir='ltr'>fectn,</span> <span class='ocrx_word' id='word_1_215' title='bbox 303 2626 387 2651; x_wconf 81' lang='lat' dir='ltr'>quem</span> <span class='ocrx_word' id='word_1_216' title='bbox 417 2621 530 2643; x_wconf 74' lang='lat' dir='ltr'>secreto</span> <span class='ocrx_word' id='word_1_217' title='bbox 563 2627 671 2652; x_wconf 85' lang='lat' dir='ltr'>quum</span> <span class='ocrx_word' id='word_1_218' title='bbox 693 2619 789 2644; x_wconf 74' lang='lat' dir='ltr'>cordis</span> <span class='ocrx_word' id='word_1_219' title='bbox 812 2620 926 2651; x_wconf 77' lang='lat' dir='ltr'>amabo,</span> <span class='ocrx_word' id='word_1_220' title='bbox 953 2620 982 2644; x_wconf 79' lang='lat' dir='ltr'>C.</span> <span class='ocrx_word' id='word_1_221' title='bbox 1008 2628 1036 2644; x_wconf 88' lang='lat' dir='ltr'>u.</span> <span class='ocrx_word' id='word_1_222' title='bbox 1057 2618 1084 2646; x_wconf 88' lang='lat' dir='ltr'>S.</span> <span class='ocrx_word' id='word_1_223' title='bbox 1132 2618 1295 2650; x_wconf 82' lang='lat' dir='ltr'>debebo,</span> <span class='ocrx_word' id='word_1_224' title='bbox 1319 2617 1441 2651; x_wconf 72' lang='lat' dir='ltr'>(radit-t)</span> 
     </span>
     <span class='ocr_line' id='line_1_42' title="bbox 186 2663 1440 2697; baseline -0.002 -7"><span class='ocrx_word' id='word_1_225' title='bbox 186 2664 239 2697; x_wconf 63' lang='lat' dir='ltr'>M„</span> <span class='ocrx_word' id='word_1_226' title='bbox 271 2664 302 2690; x_wconf 90' lang='lat' dir='ltr'>C.</span> <span class='ocrx_word' id='word_1_227' title='bbox 326 2664 416 2696; x_wconf 79' lang='lat' dir='ltr'>u,S.;</span> <span class='ocrx_word' id='word_1_228' title='bbox 449 2664 479 2690; x_wconf 79' lang='lat' dir='ltr'>P.</span> <span class='ocrx_word' id='word_1_229' title='bbox 507 2664 556 2689; x_wconf 78' lang='lat' dir='ltr'>hat</span> <span class='ocrx_word' id='word_1_230' title='bbox 582 2665 635 2689; x_wconf 68' lang='lat' dir='ltr'>wie</span> <span class='ocrx_word' id='word_1_231' title='bbox 665 2664 704 2690; x_wconf 82' lang='lat' dir='ltr'>M.</span> <span class='ocrx_word' id='word_1_232' title='bbox 734 2672 830 2697; x_wconf 77' lang='lat' dir='ltr'>urspr.</span> <span class='ocrx_word' id='word_1_233' title='bbox 860 2665 1006 2690; x_wconf 74' lang='lat' dir='ltr'>delebo.</span> <span class='ocrx_word' id='word_1_234' title='bbox 1069 2666 1125 2691; x_wconf 63' lang='lat'>112,</span> <span class='ocrx_word' id='word_1_235' title='bbox 1153 2664 1265 2688; x_wconf 77' lang='lat' dir='ltr'>crebo</span> <span class='ocrx_word' id='word_1_236' title='bbox 1299 2663 1440 2697; x_wconf 70' lang='lat' dir='ltr'>dicent,</span> 
     </span>
     <span class='ocr_line' id='line_1_43' title="bbox 187 2709 1209 2744; baseline -0.002 -9"><span class='ocrx_word' id='word_1_237' title='bbox 187 2709 241 2744; x_wconf 83' lang='lat' dir='ltr'>M.;</span> <span class='ocrx_word' id='word_1_238' title='bbox 262 2710 292 2735; x_wconf 87' lang='lat' dir='ltr'>P.</span> <span class='ocrx_word' id='word_1_239' title='bbox 314 2709 434 2735; x_wconf 62' lang='lat' dir='ltr'>{inderte</span> <span class='ocrx_word' id='word_1_240' title='bbox 459 2709 660 2735; x_wconf 76' lang='lat' dir='ltr'>inducens.</span> <span class='ocrx_word' id='word_1_241' title='bbox 703 2711 758 2736; x_wconf 81' lang='lat'>118.</span> <span class='ocrx_word' id='word_1_242' title='bbox 782 2712 914 2742; x_wconf 81' lang='lat' dir='ltr'>notus,</span> <span class='ocrx_word' id='word_1_243' title='bbox 937 2709 987 2743; x_wconf 84' lang='grc' dir='ltr'>Μ.;</span> <span class='ocrx_word' id='word_1_244' title='bbox 1014 2712 1077 2734; x_wconf 86' lang='lat' dir='ltr'>nat</span> <span class='ocrx_word' id='word_1_245' title='bbox 1093 2717 1154 2741; x_wconf 82' lang='lat' dir='ltr'>us,</span> <span class='ocrx_word' id='word_1_246' title='bbox 1179 2709 1209 2734; x_wconf 83' lang='lat' dir='ltr'>P.</span> 
     </span>
    </p>
   </div>
  </div>
 </body>
</html>
