1702 2939
804 226 1119 270 -178—

769 343 1161 383 Diocletianus.

279 410 328 451 In
346 412 421 451 hoc
441 413 673 465 praecipue,
697 413 814 464 quod,
842 413 983 452 relicta
1003 417 1192 452 vetustae
1212 413 1472 452 observantia
1489 414 1650 466 religio-

278 481 354 530 nis,
377 481 561 520 inutilem
587 481 831 520 christianae
858 482 1080 520 novitatem
1103 482 1318 534 sequimini
1339 483 1650 536 superstitionis.

862 549 897 588 A
914 564 940 600 g
953 563 974 588 a
988 565 1011 602 p
1023 564 1056 589 e.

279 618 451 659 Temere
464 618 748 673 calumpniaris
756 618 789 671 ⁵)
801 623 949 658 statum
964 619 1036 657 Dei
1049 619 1344 672 omnipotentis.
1356 619 1652 661 Periculum—-

772 688 1160 727 Diocletianus,

279 743 436 798 Cujus?

870 801 906 841 Α
922 816 949 853 g
961 815 1018 854 ap
1033 816 1065 841 c.

279 859 356 900 Tui
387 859 528 912 reique
559 859 758 912 publicae,
789 871 907 910 quain
939 860 1158 909 gubernas.

765 927 1155 968 Diocletianus.

277 996 366 1036 Ista
396 997 557 1045 insanit,
593 999 841 1036 amoveatur.

847 1065 876 1105 C
889 1066 914 1105 h
930 1066 942 1105 i
955 1080 976 1105 o
988 1079 1013 1104 n
1027 1065 1038 1104 i
1051 1078 1084 1104 a.

277 1132 373 1172 Mea
403 1146 600 1185 germana
629 1148 709 1174 non
737 1134 899 1183 insanit,
931 1135 1004 1174 sed
1035 1135 1094 1174 tui
1125 1134 1339 1174 stultitiam
1365 1135 1478 1188 juste
1508 1147 1648 1188 repre-

278 1202 431 1242 hendit.

772 1260 1158 1300 Diocletianus.

277 1326 365 1367 Ista
405 1328 686 1368 inclementius
730 1330 948 1378 bachatur,
987 1330 1081 1368 inde
1099 1329 1133 1382 ⁶)
1177 1328 1327 1369 nostris
1359 1329 1646 1382 conspectibus

278 1408 408 1449 aeque
441 1398 717 1448 subtrahatur,
749 1401 791 1438 et
816 1399 937 1438 tertia
969 1398 1223 1438 discutiatur.

860 1466 1026 1506 Hiren
1039 1479 1073 1506 a.

279 1534 460 1575 Tertiam
494 1536 692 1575 rebellem
729 1536 882 1589 tibique
927 1536 1090 1589 penitus
1121 1536 1311 1589 probabis
1325 1535 1362 1589 ⁷)
1392 1535 1648 1576 renitentem.

775 1605 1159 1645 Diocletianus.

277 1671 446 1722 Hirena,
478 1686 570 1712 cum
600 1673 656 1712 sis
685 1673 814 1714 minor
841 1677 988 1722 aetate,
1020 1674 1090 1713 fito
1107 1673 1140 1727 ⁸)
1171 1674 1301 1727 major
1332 1673 1543 1725 dignitate.

863 1742 1029 1781 Hiren
1041 1755 1074 1782 a.

279 1797 475 1849 Ostende,
508 1811 672 1852 quaeso,
705 1813 784 1852 quo
815 1803 956 1852 pacto!

769 1868 1158 1908 Diocletianus.

277 1934 420 1974 Flecte
451 1936 655 1976 cervicem
685 1937 759 1976 diis
802 1939 844 1976 et
874 1941 960 1977 csto
991 1938 1196 1977 sororibus
1228 1936 1462 1990 exemplum
1491 1947 1648 1976 eorrec-

274 2004 395 2044 tionis
426 2008 467 2044 et
497 2017 620 2057 causa
648 2005 917 2045 liberationis.

850 2073 1065 2113 Hirena.

277 2139 592 2193 Conquiniseant
622 2142 752 2192 idolis,
777 2143 844 2195 qui
874 2143 1003 2183 velint
1031 2144 1244 2182 incurrere
1272 2141 1371 2181 iram
1394 2139 1646 2182 Celsitonan-

275 2210 340 2257 tis,
372 2224 449 2261 ego
480 2211 642 2263 quidem
681 2215 822 2264 caput,
862 2212 995 2263 regali
1032 2214 1243 2263 unguento
1284 2210 1527 2260 delibutum,
1565 2222 1646 2250 non

276 2278 567 2329 dehonestabo,
597 2281 770 2333 pedibus
801 2281 1137 2320 simulachrorum
1168 2278 1453 2320 submittendo.

770 2348 1148 2388 Diocletianus.

276 2401 448 2443 Cultura
479 2405 647 2444 deorum
677 2418 757 2446 non
789 2407 955 2446 adducit
982 2403 1349 2457 inhonestatem‚⁹)
1387 2403 1461 2444 sed
1489 2402 1646 2458 praeei-
1683 2423 1687 2427 ·

274 2486 398 2526 puum
428 2473 634 2514 honorem.

308 2608 342 2644 5)
365 2607 642 2642 calumniaris,
663 2606 704 2642 C..
719 2605 748 2634 S.
770 2617 798 2637 u.
821 2608 881 2644 Mg.
911 2606 1062 2643 ssjunde,
1083 2605 1285 2642 C.‚S.u.Mg.
1315 2607 1346 2642 7)
1367 2605 1642 2641 comprobabis,

365 2654 395 2681 C.
418 2663 446 2681 u.
466 2654 496 2682 S.
535 2655 569 2689 8)
587 2654 669 2688 sito,
690 2655 780 2681 athon
799 2655 969 2690 urspriingl.
989 2656 1025 2680 im
1048 2654 1138 2690 eod.;
1161 2663 1185 2680 s.
1205 2653 1263 2688 ΜΒ.
1283 2653 1367 2680 Anm.
1403 2653 1436 2688 9)
1454 2652 1573 2679 adducit
1591 2651 1643 2678 de-

361 2699 626 2735 hent-tutem,
647 2701 678 2727 C.
699 2709 727 2729 u.
747 2700 778 2729 S.
