1702 2939
593 232 880 276 ..75-

172 351 259 392 Nec
285 351 370 403 jam
400 362 601 405 personae
632 352 806 389 noscunt
834 350 1004 388 sormam
1036 348 1307 397 venerandae,

58 418 152 461 330.
176 419 286 459 Illita
316 432 523 472 purpureo
555 419 719 458 fuerant
750 419 844 470 quia
876 419 1075 469 sanguine
1107 419 1288 457 membra

178 487 232 527 Et
263 491 387 540 caput
417 487 632 539 egregium
657 487 786 540 jacuit
816 488 958 540 procul
989 500 1106 525 amne
1137 487 1359 525 revulsum.

177 555 260 596 Sed
291 559 426 595 tamen
459 556 533 595 hoe
564 556 744 609 sapiunt,
786 558 971 608 prompto
1003 569 1163 607 quoque
1206 557 1372 608 pectore

1108 624 1291 671 credunt,

177 693 297 738 Quod
328 693 404 740 hio,
437 693 618 745 quisquis
650 695 750 741 erat,
780 707 852 745 pro
884 694 977 743 lege
1010 692 1159 732 Christi
1191 693 1373 737 cadebat,

175 761 264 800 Illic
296 761 336 800 hi
367 762 441 801 soli
473 762 565 813 quia
597 762 868 814 dampnantur
900 762 1064 814 capitali

63 828 156 869 335.
177 830 326 878 Poena,
359 830 439 882 qui,
472 843 587 869 sacra
618 831 734 869 tincti
765 830 1017 883 baptismatis
1048 831 1169 876 unda,

177 898 268 938 Non
299 901 485 938 metuunt
517 901 660 939 crebro
691 899 802 951 regis
833 899 1139 951 reprehendere
1169 911 1298 937 sacra.

227 965 420 1019 Cumque,
454 970 576 1020 caput
606 969 890 1007 nanciscentes
915 968 1099 1020 colloque
1131 968 1326 1014 locantes,

173 1035 334 1087 Pelagii
366 1036 511 1075 faciem
543 1040 825 1088 cognoverunt
855 1036 1102 1084 rutilantem,

168 1104 381 1157 Rumpunt
408 1105 447 1143 in
481 1105 584 1144 tales
615 1105 827 1144 miseranti
858 1111 1024 1158 pectore
1056 1118 1198 1143 voces:

56 1171 148 1211 340.
169 1172 316 1221 „Heul
343 1174 456 1225 jacet
487 1174 685 1212 exanimis
714 1174 903 1226 propriae
935 1187 1029 1227 spes
1061 1173 1180 1212 unica
1210 1173 1358 1224 gentis,

173 1241 490 1292 „Atque-decus
521 1242 678 1294 patriae
710 1243 853 1281 tumuli
883 1244 970 1281 sine
1002 1242 1142 1281 sordet
1172 1242 1344 1280 honore!

173 1309 346 1357 „Nonne
378 1310 477 1349 satis
508 1311 644 1350 multis
676 1311 824 1350 seimus
856 1325 929 1350 nos
959 1311 1142 1349 vendere
1174 1310 1294 1348 seelis

172 1377 372 1430 „Semper
403 1382 636 1419 sanctorum
669 1380 911 1433 corpuscula
942 1392 1063 1432 passa
1094 1379 1286 1426 virorum,

173 1445 311 1494 „Quos
343 1447 486 1500 capitis
519 1448 666 1487 caedes
695 1450 999 1487 monstraverat
1030 1461 1121 1486 esse
1152 1447 1328 1486 fideles?

55 1512 148 1553 345.
174 1514 254 1563 „Et
284 1515 385 1567 quiS,
417 1516 644 1564 laudabilis,
677 1517 845 1564 dubitet,
879 1530 1025 1569 corpus
1057 1517 1144 1555 fore
1177 1515 1306 1562 testis,

168 1583 315 1630 „Quod
341 1587 530 1622 truncum
560 1585 706 1624 misere
739 1585 881 1638 capitis
911 1586 1199 1638 jacet-absque
1224 1585 1371 1623 decore
1384 1586 1429 1622 12⁴⁶

220 1650 336 1691 Haec
367 1652 435 1691 ubi
467 1653 574 1693 dicta
606 1654 777 1702 dabant,
819 1654 915 1692 navi
945 1654 1011 1707 pia
1042 1655 1224 1692 membra
1254 1653 1360 1692 loca-

1087 1723 1196 1770 bane

165 1788 220 1829 Et
251 1789 367 1830 citius
399 1790 530 1829 versis
559 1791 816 1843 remigabant
847 1791 1022 1843 denique
1054 1791 1158 1829 velis

168 1858 366 1898 Famosae
398 1861 554 1899 cunctis
586 1861 638 1898 ad
668 1863 826 1913 portam
857 1860 1048 1911 gentibus
1080 1859 1203 1898 urbis.

61 1925 153 1966 350.
178 1926 258 1969 Hic
290 1940 462 1980 quoque,
494 1929 693 1968 subducta
719 1931 815 1981 jam,
846 1942 1098 1981 processere,
1131 1928 1281 1974 carina,

168 1995 222 2035 Et
253 1996 357 2034 clam
388 1997 636 2046 coenobium,
669 1997 844 2045 Christo,
872 1997 1042 2049 petiere,
1076 2000 1294 2043 sacratum,

170 2063 287 2103 Intra
318 2078 398 2105 non
428 2066 606 2105 modicos
636 2066 747 2105 urbis
778 2065 1014 2105 venerabile
1045 2078 1197 2113 muros,

172 2132 390 2172 Portantes
421 2135 551 2186 pretio
582 2136 845 2174 vendendum
875 2134 1051 2186 denique
1080 2147 1229 2186 magno

175 2201 416 2241 Extinctum
446 2203 562 2242 testis
591 2205 713 2243 funus
743 2203 982 2243 venerabile
1015 2203 1148 2242 terris.

55 2267 147 2309 355.
173 2269 291 2315 Quod
323 2271 509 2322 gaudens
541 2273 702 2324 hymnis
734 2273 913 2325 suscepit
943 2274 1062 2312 turba
1094 2272 1224 2311 fidelis

177 2338 393 2388 Suavibus‚
426 2341 623 2393 exequias
655 2342 867 2380 celebrans
899 2341 949 2379 de
980 2354 1091 2380 more
1123 2345 1306 2380 sacratas

171 2406 362 2459 Largiter
394 2412 435 2448 et
464 2410 640 2462 pretium
670 2410 804 2449 nautis
836 2410 977 2450 tribuit
1007 2415 1309 2462 superauctum,

87 2588 148 2615 333.
177 2587 321 2616 Christi
349 2589 532 2624 prolege,
569 2590 598 2616 C.
622 2600 649 2618 u.
671 2591 700 2619 S.
753 2591 814 2620 335.
844 2592 958 2624 Pene,
990 2590 1041 2626 M.;
1079 2599 1135 2616 von
1167 2591 1198 2617 Ρ.
1230 2591 1367 2625 eon-igin
1402 2592 1431 2616 in

176 2635 310 2661 Poena.
375 2637 435 2663 336.
474 2638 728 2671 reprendere,
761 2638 792 2665 C.
828 2646 854 2664 u.
893 2637 922 2663 S.
987 2638 1047 2664 337.
1088 2637 1423 2663 nanti-nectute-

178 2681 514 2717 M.;ebensour·p.P.
555 2683 612 2711 416.
638 2684 878 2718 trunca-,o
902 2692 930 2710 u.
950 2683 979 2711 S.
1017 2681 1431 2717 ffi4.1?.xtin‹ti‚c.u.s.
