1702 2939
802 191 1116 237 -1152—

396 315 560 356 Semina
591 311 716 351 divini
747 324 820 364 per
851 318 998 363 gentes
1027 325 1225 364 spargere
1255 306 1382 353 verbi.

283 386 373 426 121).
398 384 498 432 ,,Ει1,
528 383 595 429 ait,
627 395 649 420 0
680 380 796 418 miles
827 381 988 428 (flu-isti,
1021 381 1148 419 frater
1177 380 1360 433 Dionysi,

401 452 581 502 „Magna
611 462 733 500 seges
763 448 920 487 Domini
951 449 1099 487 cresc-it
1129 462 1202 500 per
1233 449 1394 489 elimata
1422 450 1574 500 mundi,

398 520 631 569 „Praebens
663 518 895 556 innumeras
926 523 1108 555 maturae
1137 517 1281 555 messis
1311 517 1471 567 aristas,

398 589 632 638 „Instantcs
660 585 782 624 messi
809 585 881 623 sed
913 589 1100 624 constant
1130 585 1275 638 oppido
1305 586 1433 638 pauci.

403 657 535 707 „Hinc
565 660 620 702 tu,
651 666 858 693 sacrorum
891 654 1049 692 bibulus
1080 654 1148 705 qui
1177 655 1289 693 sonte
1318 654 1510 694 librorum

288 726 640 775 125.„(f011staus,
672 722 797 761 divini
827 721 974 760 sciolus
1006 735 1124 773 quam
1155 723 1331 761 maxime
1362 723 1508 772 cultus,

395 792 622 844 „Exemplo
653 790 770 830 Pauli
800 803 968 828 securus
999 803 1127 842 perge
1158 790 1356 842 magistri,

400 861 602 914 „Imperio
632 859 802 912 populos
834 857 992 903 Clu-ists
1015 860 1266 910 subjungere
1295 859 1454 899 multos.

401 930 480 978 „Et
509 929 579 968 tibi
611 928 732 967 credo
763 931 1006 979 potestatem
1037 926 1199 965 ditionis
1231 927 1413 976 eandem,

395 1000 552 1047 „Quam
584 996 788 1035 Christum
817 994 940 1033 Petro
975 994 1124 1033 seimus
1155 995 1379 1034 credidisse
1408 996 1616 1048 magistro,

283 1067 353 1108 13(
355 1071 373 1106 1.
392 1067 471 1115 „Et
502 1078 621 1118 quam
653 1062 815 1114 suscepi
845 1075 1058 1101 successor
1084 1063 1178 1114 jure
1208 1063 1414 1114 magistri:

389 1135 646 1184 „conversos
677 1131 742 1183 pie
773 1130 960 1168 solvendi
991 1134 1210 1182 sontesque
1241 1131 1406 1182 ligandi.

395 1203 572 1254 „Accipe
604 1212 710 1239 1111110
743 1197 896 1245 Gallos,
928 1199 997 1237 11111
1029 1212 1092 1237 1110
1123 1199 1325 1247 tradente,
1356 1200 1570 1249 docendos,

394 1271 718 1320 „Dor-trinaeque
750 1267 808 1306 tui
839 1267 1024 1317 signetur
1057 1267 1190 1306 Gallia
1220 1268 1330 1314 sorti,

391 1340 507 1387 „Quo
541 1338 602 1376 vir
633 1336 878 1388 apostolicus
909 1335 1032 1386 digna
1064 1336 1284 1375 celebreris
1315 1337 1488 1377 alumna..

282 1407 372 1447 1323.
396 1407 506 1455 „Nec
539 1418 710 1444 vereare
741 1398 900 1455 quidel'u
932 1407 1078 1454 gentes
1108 1403 1261 1442 intrare
1292 1405 1480 1454 rebelles,

388 1476 531 1523 „Quae
562 1476 720 1512 restant
750 1484 860 1518 vero,
893 1470 1130 1510 frendentes
1160 1485 1271 1511 more
1302 1473 1444 1522 ferino,

391 1543 511 1591 „Sed,
543 1542 614 1580 tibi
645 1539 846 1578 mercedis
876 1543 1044 1588 tantum,
1075 1540 1244 1589 confide,
1275 1542 1480 1593 perennis,

391 1612 466 1659 „In
496 1610 624 1662 patris
656 1609 860 1659 astrigera
890 1608 1033 1646 summi
1063 1609 1269 1647 servarier
1299 1610 1403 1658 aula,

384 1680 619 1727 „Quantum
648 1691 720 1730 pro
752 1676 912 1716 Christo
944 1676 1086 1715 tuleris
1117 1677 1308 1728 patiendo
1340 1678 1527 1718 doloris.“

276 1746 367 1788 140.
391 1747 469 1786 His
501 1759 632 1799 papae
663 1745 821 1784 blandis
851 1745 1017 1796 praesul
1046 1745 1222 1784 monitus
1252 1745 1444 1796 8110110118,

390 1815 594 1854 Occiduae
625 1814 727 1853 fines
758 1813 886 1865 partis
918 1813 1090 1852 festinus
1121 1813 1258 1852 adivit.

388 1883 603 1922 Moenibus
633 1885 755 1933 atque
784 1881 901 1920 Paris
932 1894 1120 1932 gressum
1150 1895 1246 1921 mox
1276 1882 1412 1922 intulit
1441 1883 1565 1933 urbis,

387 1951 436 1990 In
466 1963 546 2002 qua
577 1951 719 1989 crebro
751 1949 839 1996 loci,
871 1963 948 2001 quo
980 1949 1191 1988 fertilitate
1223 1950 1370 1998 decori,

386 2018 598 2058 Gallorum
629 2031 820 2070 proceres
851 2021 1098 2056 concurrunt
1126 2018 1289 2070 saepius
1318 2031 1468 2059 omnes.

279 2085 471 2127 1451110
502 2087 570 2125 ubi
600 2086 727 2124 divini
756 2085 889 2138 coepit
919 2098 1036 2124 sacra
1065 2086 1219 2125 semina
1247 2088 1365 2126 verbi

389 2154 608 2207 Spargere,
639 2154 848 2205 signorum
878 2167 974 2192 mox
1002 2167 1200 2193 exercere
1230 2168 1304 2207 per
1331 2155 1446 2195 illum

384 2222 571 2262 Christus
601 2223 777 2262 virtutes
808 2222 1054 2273 dignabatur
1083 2222 1149 2275 pie
1179 2223 1331 2275 plures,

383 2291 474 2335 Quo
506 2294 617 2330 tanto
645 2291 775 2342 plebis
804 2291 1044 2330 mollescere
1075 2292 1198 2330 eorda
1227 2292 1392 2331 rebellis

387 2359 451 2396 Ad
484 2359 644 2397 veniam
674 2362 852 2410 possent,
884 2363 1034 2411 quanto
1065 2360 1208 2399 0101110
1239 2360 1358 2411 signa
1386 2360 1586 2400 viderent.

275 2424 364 2466 150.
395 2427 472 2465 Ast
503 2427 570 2465 ubi
603 2427 807 2466 credentis
836 2440 1029 2466 numerus
1058 2428 1197 2480 populi
1226 2428 1356 2480 magis
1385 2432 1529 2469 auctus

305 2606 365 2634 128.
385 2605 513 2640 Atque
541 2605 609 2640 tibi,
639 2604 670 2633 C.
729 2605 784 2633 129.
818 2606 1032 2634 tradidisse
1061 2607 1218 2642 magistre,
1242 2606 1273 2636 C.
1293 2614 1323 2636 u.
1344 2605 1375 2637 S.
1443 2606 1500 2637 133.
1527 2605 1630 2643 forti,

389 2651 420 2679 C.
442 2660 468 2678 u.
489 2651 519 2679 S.
