1702 2939
746 185 1062 228 —152—

706 297 1107 342 Constantinus,

225 366 361 417 Perge
401 378 592 418 securus,
633 368 864 418 Gallicane,
911 370 962 408 ad
1002 370 1173 419 belluin3
1211 383 1457 410 reversurus
1489 370 1596 412 enim

226 434 413 486 accipies,
447 439 554 485 quod
586 439 808 486 desideras,
838 439 1071 491 praemium.

742 505 1068 547 Gallicanus.

226 559 427 606 Illudisne
457 566 549 606 me?

719 630 749 672 C
767 630 1119 671 onstantinus,

229 690 271 731 Si
301 691 456 732 illudo?

753 743 1077 784 Gallicanus.

229 815 299 855 Me
331 815 513 856 felicem!
545 814 588 855 Si
619 827 742 854 unum
773 813 939 852 scirem!

716 880 1118 922 Constantinus,

229 940 337 986 Quid
369 941 525 980 unum?

746 993 1080 1035 Gallicanus.

228 1054 330 1107 Ejus
360 1067 614 1108 responsum.

717 1120 1120 1161 Constantinus.

227 1178 391 1218 Filiae?

748 1232 1076 1274 Gallicanus.

227 1291 375 1345 Ipsius.

718 1347 1119 1388 Constantinus.

230 1416 393 1469 Injusta
426 1415 526 1455 satis
557 1416 671 1465 ratio,
703 1417 742 1455 in
763 1416 840 1455 hae
865 1429 910 1454 re
938 1416 1198 1455 verecundae
1228 1416 1399 1468 virginis
1430 1430 1598 1470 respon-

230 1497 319 1523 sum
365 1496 576 1535 quaerere.
636 1483 938 1537 Consequentia
989 1486 1126 1524 autem
1178 1498 1315 1524 rerum
1358 1485 1600 1526 monstrabit

232 1552 322 1604 ejus
352 1563 576 1591 assensum.

741 1618 1068 1660 Gallicanus.

235 1686 278 1726 Si
309 1687 418 1727 hune
447 1687 606 1737 scirem,
636 1701 877 1741 responsum
907 1689 1023 1728 flocei
1054 1690 1242 1728 facerem.

723 1755 1124 1796 Constantinus.

228 1821 357 1872 Licet,
389 1823 617 1876 experiare.

753 1890 790 1932 G
805 1892 850 1932 al
863 1893 873 1931 l
886 1892 898 1931 i
911 1905 1004 1931 can
1017 1906 1086 1932 us,

231 1944 406 1998 Exopto.

719 2002 1124 2044 Constantinus,

236 2069 308 2109 Sui
338 2070 600 2122 primiceriOS,
623 2070 850 2110 Johannem
880 2076 922 2111 et
936 2073 1118 2122 Paulum,
1150 2077 1285 2113 tecum
1316 2076 1603 2115 commoratum

235 2138 285 2177 iri
317 2138 502 2178 decrevit
529 2152 658 2191 usque
687 2140 728 2178 in
759 2140 865 2179 diem
894 2141 1136 2193 nuptiarum.

755 2207 1080 2249 Gallicanus

237 2272 372 2318 Quam
402 2275 450 2313 ob
483 2277 677 2315 eausam?

726 2344 1124 2385 Constantinus.

237 2408 327 2454 Quo
357 2409 516 2449 illorum
547 2423 599 2450 ex
632 2413 956 2452 confabulatione
998 2415 1124 2467 ipsius
1153 2415 1289 2463 vitam,
1330 2428 1475 2465 mores,
1507 2427 1600 2455 con-

237 2478 493 2516 suetudinem
521 2479 652 2530 possis
681 2493 964 2532 praenoscere.
989 2483 1038 2536 ¹⁰)

276 2634 322 2668 19)
344 2641 610 2671 prenoneere,
631 2634 671 2665 Μ,
