1702 2939
767 249 1081 294 -118—

354 899 514 974 Virgo,
545 936 661 976 quae,
692 937 820 963 vanas
850 925 989 964 mundi
1019 936 1186 977 pompas
1216 923 1363 963 ruituri

362 990 418 1030 Et
447 992 568 1031 luxus
600 993 757 1043 fragilis
788 993 955 1045 cupiens
987 996 1276 1045 contempnere
1307 992 1452 1041 carniS,

354 1058 583 1098 Promeruit
614 1060 724 1110 regis
755 1061 926 1099 vocitari
957 1073 1105 1112 sponsa
1136 1061 1341 1112 perennis,

358 1125 400 1165 Si
431 1126 532 1165 velit
561 1127 772 1178 angelicae
803 1141 876 1180 pro
906 1128 1151 1179 virginitatis
1183 1129 1338 1168 honore

297 1192 334 1233 5.
358 1193 493 1246 Ipsius
525 1195 730 1246 astrigera
759 1196 898 1248 sponsi
928 1195 1116 1235 eoelestis
1144 1197 1185 1235 in
1216 1197 1320 1244 aula,

356 1263 508 1303 Addita
539 1263 753 1311 coelicolis,
784 1264 911 1302 nitida
941 1264 1103 1315 fulgere
1134 1277 1293 1312 corona,

352 1331 489 1382 Atque
520 1343 696 1382 sequens
726 1343 877 1382 agnum
907 1344 1071 1370 carmen
1102 1335 1267 1372 cantare
1299 1343 1500 1380 sonorum,

354 1396 582 1438 Conservet
611 1412 713 1451 pure
745 1399 903 1439 sincero
935 1400 1067 1438 cordis
1098 1411 1235 1439 amore

352 1465 523 1517 Signum
552 1466 779 1514 laudabilis,
812 1467 918 1518 quod
949 1471 1095 1520 portat,
1126 1467 1395 1519 virginitatis3

269 1531 331 1572 10.
357 1533 589 1586 Quae(que)
621 1538 743 1586 caput
773 1533 933 1574 Christo
965 1536 1100 1586 signat
1130 1536 1331 1574 velamine
1362 1547 1490 1583 sacro,

352 1600 536 1640 Haereat
565 1602 711 1640 affectu
741 1605 883 1642 tenero
916 1606 1151 1642 constanter
1181 1604 1221 1642 in
1251 1603 1320 1642 illo

354 1669 416 1708 Ae
447 1670 602 1709 cunctis
634 1670 722 1709 aliis
751 1670 882 1722 ipsum
914 1673 1139 1723 praeponat
1169 1671 1317 1719 amicis,

353 1736 444 1784 Qui,
478 1738 651 1776 rutilans
667 1739 842 1786 nimium,
875 1739 1002 1777 forma
1033 1740 1242 1791 speciosus
1272 1750 1462 1785 amoena,

347 1803 475 1844 Natos
508 1810 745 1845 cunctarum
776 1806 920 1845 merito
951 1807 1076 1845 vincit
1106 1807 1331 1854 mulierum,

265 1870 327 1910 15.
351 1871 474 1924 Cujus
506 1885 642 1912 amore
673 1874 835 1925 quidem
867 1874 1075 1913 ferventes
1107 1888 1287 1925 congrue
1319 1874 1477 1926 pridem

349 1939 571 1991 Pei-plures
601 1953 742 1979 sacrae
774 1942 975 1980 constanti
1008 1942 1129 1980 corde
1161 1942 1323 1993 puellae

345 2006 525 2057 Elegere
556 2008 667 2055 mori,
699 2009 834 2046 saevis
864 2009 1086 2060 poenisque
1117 2009 1266 2055 necari,

346 2073 479 2118 Quam
508 2075 633 2113 decus
664 2075 835 2126 insignis
866 2089 1126 2128 corrumpere
1156 2076 1415 2127 virginitatis

344 2141 459 2180 Inter
491 2154 592 2194 quas
622 2143 777 2194 Agnes,
809 2144 956 2183 mundo
988 2145 1253 2183 celeberrima
1283 2144 1414 2195 virgo,

259 2206 327 2248 20.
355 2209 455 2248 Jure
486 2210 548 2248 sui
579 2211 726 2262 sponsi,
760 2212 961 2262 condigna
992 2212 1111 2250 laude
1143 2211 1290 2259 decori,

345 2275 505 2325 Christi,
539 2278 773 2316 dissimilem
803 2279 958 2318 eunctis
989 2279 1196 2318 recitando
1227 2279 1426 2326 decorem,

346 2343 586 2394 Virginibus
617 2345 743 2384 sacris
775 2347 862 2398 ejus
894 2347 1148 2385 commendat
1177 2346 1323 2384 amoris

342 2411 509 2461 Pignus,
543 2412 620 2462 qui,
653 2413 817 2462 genitus
848 2426 966 2452 sacra
997 2414 1046 2451 de
1078 2414 1250 2464 virgine,
1281 2414 1391 2451 solus

345 2477 527 2530 Sponsus
560 2484 763 2518 castarum
794 2493 951 2519 necnon
983 2481 1106 2519 decus
1137 2484 1200 2518 est
1230 2480 1463 2519 animarum.

293 2599 792 2634 4.Quaevdn‚c.n.s.1a
821 2599 1022 2634 Quecamm
1053 2598 1591 2634 M.n.P.Quaeque‚c.n.s

345 2645 388 2672 23.
410 2653 542 2679 sacra,
562 2645 634 2671 fehlt
659 2647 687 2671 iu
711 2645 742 2671 C.
762 2654 788 2671 u.
803 2645 833 2673 S.
867 2646 902 2673 ‘151
931 2650 1165 2679 castrorum,
1189 2645 1229 2678 P.;
1252 2649 1416 2680 castorum,
1435 2645 1591 2677 M.jedoch

337 2690 521 2718 undenum-h.
539 2711 542 2719 .
