1702 2939
607 235 923 277 -221-

633 353 906 393 Abraham.

83 421 197 460 Haut
225 421 523 474 perseveravit,
555 421 628 460 sed
658 423 799 474 pejora
829 420 1032 473 prioribus
1064 419 1262 472 apposuit.

652 489 890 542 Ephrem.

84 558 379 598 Visceratenus
411 559 631 598 conturbor
662 559 839 609 totisque
871 557 1062 596 membris
1093 556 1291 596 resolvor.

637 627 908 666 Abraham.

82 697 303 748 Postquam
324 696 430 734 enim
451 696 562 734 hisce
580 695 768 734 lamentis
786 695 834 747 ¹⁹)
858 709 901 733 se
927 695 1098 746 punivit,
1121 694 1332 733 nimietate
1346 694 1456 733 victa

83 765 244 814 doloris,
276 777 475 817 praeceps
505 764 714 802 ferebatur
745 764 785 802 in
818 764 980 802 foveam
1011 763 1320 815 desperationis.

648 833 719 885 Ep
734 833 759 871 h
772 846 888 871 rem.

80 902 145 942 Eh
176 903 269 951 heu,
302 914 423 954 quam
453 901 593 953 gravis
623 901 819 953 perditio!

630 970 906 1009 Abraham.

80 1040 134 1080 Et
165 1040 258 1091 quia
286 1039 449 1078 veniam
480 1039 718 1091 desperavit
747 1051 867 1090 posse
907 1036 1209 1089 promereri,2⁰)
1241 1036 1452 1075 saeculum

79 1112 273 1162 repetere
303 1108 558 1160 vanitatique
591 1107 717 1158 elegit
748 1106 971 1145 deservire.

645 1187 882 1239 Ephrem.

79 1257 209 1305 Hem,
240 1269 315 1310 par
353 1253 525 1296 'victoria
566 1255 815 1308 spiritalibus
861 1255 901 1293 in
942 1256 1052 1294 sorte
1095 1253 1356 1293 eremitarum
1385 1266 1455 1291 ne-

80 1326 216 1379 quitiis
247 1328 370 1365 antea
400 1326 477 1364 fuit
506 1325 681 1364 insolita.

627 1393 902 1432 Abraham.

80 1463 162 1503 Sed
191 1476 300 1503 nuno
329 1463 570 1502 daemonum
600 1475 738 1501 sumus
769 1461 934 1514 praeda.

653 1530 887 1583 Ephrem.

80 1600 243 1650 Mirum,
276 1600 345 1653 qui
375 1600 464 1639 fieri
493 1602 646 1653 posset,
677 1606 723 1638 ut
753 1602 793 1638 te
824 1599 1041 1650 ignorante
1073 1597 1281 1637 evaderet.

625 1679 902 1719 Abraham.

78 1749 249 1790 Interim
279 1750 437 1789 fueram
468 1751 754 1789 consternatus
785 1748 993 1799 mentem)
1025 1761 1078 1786 ex
1110 1750 1300 1786 ostensae
1333 1746 1454 1785 visio-

78 1819 141 1858 nis
172 1822 343 1867 terrore,
367 1831 458 1870 qua,
486 1819 520 1857 si
537 1819 593 1870 Ὦ)
623 1831 739 1856 mens
770 1831 851 1857 non
882 1817 1029 1856 fuisset
1059 1817 1191 1865 laeva,
1208 1815 1304 1855 mihi
1335 1827 1453 1868 prae-

79 1887 336 1939 figurabatur
367 1888 455 1940 ejus
486 1887 614 1926 ruina.

649 1954 888 2008 Ephrem.

80 2024 244 2064 Vellem
272 2024 436 2064 modum
463 2024 634 2064 visionis
665 2025 820 2064 audire.

633 2094 907 2133 Abraham.

79 2160 291 2211 Putabam,
319 2175 384 2201 me
406 2165 500 2201 ante
524 2162 633 2201 fores
647 2162 702 2214 2³)
735 2162 909 2200 cellulae
937 2148 1114 2208 stetisse,
1132 2161 1174 2198 et
1191 2171 1301 2208 ecee,
1329 2160 1454 2199 draeo

80 2231 207 2270 mirae
237 2231 528 2282 magnitudinis
559 2231 752 2282 nimiique
775 2229 956 2277 foetoris,
972 2229 1114 2282 rapido
1145 2229 1299 2281 impetu
1329 2229 1454 2268 adve-

80 2299 209 2348 niens,
254 2300 512 2339 candidulam
552 2312 671 2338 secus
710 2312 774 2337 me
807 2299 1033 2338 columbam
1062 2298 1302 2352 repperiens
1334 2299 1453 2351 cepit,

82 2367 307 2418 devoravit,
340 2369 553 2420 subitoque
584 2381 665 2408 non
697 2368 931 2421 comparuit.

122 2524 244 2560 1931·st
264 2527 511 2561 celamentis,
533 2525 583 2561 M.²
604 2525 648 2561 P„
670 2525 700 2553 C.
721 2535 750 2554 ιι.
772 2525 822 2562 S.;
846 2525 957 2552 hisce
977 2525 1182 2559 lamentis,
1211 2526 1296 2554 Gust.
1318 2526 1444 2564 Freytag

189 2573 215 2597 in
244 2574 342 2598 seiner
366 2574 504 2607 Ausgabe
531 2573 582 2599 des
610 2572 800 2606 „Abrahanffi
822 2572 1024 2606 vratislaw-iae.
1050 2573 1123 2606 1839,
1145 2571 1173 2598 S.
1195 2571 1236 2598 34.
1272 2574 1321 2609 20]
1342 2560 1454 2602 veniani

188 2620 346 2652 mereri,
374 2619 405 2647 C.
437 2628 465 2645 u.
496 2619 526 2646 S.
572 2620 622 2653 21)
642 2622 763 2645 mente
797 2621 1004 2645 consternatus
1035 2621 1148 2650 mente,
1179 2617 1217 2646 M.
1261 2621 1310 2655 Ἦ)
1341 2625 1453 2654 quasi

186 2673 278 2698 mens,
301 2665 352 2699 M„
374 2665 414 2698 1³..
437 2666 467 2692 C.
491 2674 519 2692 ιι.
541 2665 590 2700 S.;
620 2674 643 2693 s.
664 2665 800 2699 Freytag,
821 2665 850 2691 S.
869 2665 911 2692 34.
942 2665 1033 2700 vergi.
1055 2665 1157 2699 virgil.
1177 2664 1250 2693 Aen.
1273 2665 1303 2693 ΙΙ.
1323 2666 1366 2693 54.
1403 2670 1452 2703 23(

186 2710 305 2746 foras,
331 2720 427 2746 urspr.
448 2710 568 2747 fores3
594 2711 653 2738 alte
673 2712 840 2746 Corn-cetur,
859 2711 898 2737 Μ.
