1702 2939
245 525 339 566 215.

245 1594 339 1635 230.

240 1937 334 1977 235.

239 2322 332 2363 240.

272 2527 334 2553 ⁴217.

775 203 1088 246 —314—

359 321 414 363 st
445 320 601 369 credas,
632 334 774 372 regem
806 319 936 359 David
969 332 1144 370 regnare
1175 319 1348 367 fidelem,

364 390 455 429 Jam
487 403 593 428 nunc
624 389 800 441 antiquis
832 389 1058 439 fulgentem
1088 389 1164 428 rite
1197 387 1420 440 triumphis.

359 458 446 498 Nec,
478 458 606 496 solum
639 462 784 509 gentes
818 457 943 495 frenis
974 457 1158 496 moderat
1189 456 1391 503 bonitatis,

361 528 476 571 Quae
508 526 619 578 prius
650 525 818 578 imperio
850 526 976 578 patris
1008 525 1207 564 dederant
1238 537 1312 563 sua
1343 524 1459 573 eolla,

363 594 442 634 Sed
474 595 598 634 multo
628 594 767 646 plures
799 597 910 632 certe
940 594 1018 632 sibi
1047 593 1229 632 vindicat
1259 593 1357 645 ipse,

360 663 547 703 Subdens
579 663 756 714 gentiles
789 661 938 701 Christi
970 662 1102 700 servis
1133 661 1332 709 nationes,

362 732 451 777 Quo
484 744 565 784 pax
598 731 795 770 ecelesiae
828 731 946 769 fieret
975 730 1155 769 stabilita
1186 732 1382 768 saeratae,

360 801 423 839 Ad
453 801 604 839 bellum
636 803 747 839 certe
781 799 938 851 quoties
969 800 1229 851 processerat:
1259 798 1360 850 ipse,

312 901 338 907 ..
359 868 448 907 Non
481 869 557 908 suit
588 868 772 921 populus,
807 867 990 919 quamvis
1021 867 1174 906 virtute
1205 867 1418 918 superbus,

358 936 543 975 Laedere
574 937 641 988 qui
675 944 813 988 posset
844 936 911 974 vel
944 948 1195 988 exsuperare
1226 935 1388 974 valeret

358 1005 498 1058 Ipsum
531 1005 719 1044 coelestis
752 1004 897 1058 fultum
928 1004 1122 1042 solamine
1153 1003 1286 1055 regis3

357 1073 459 1125 Ejus
490 1085 565 1111 nec
597 1073 720 1111 cessit
750 1072 842 1110 telis
874 1072 1081 1111 exercitus
1111 1072 1216 1119 ullis,

357 1141 409 1180 Ni
441 1153 515 1180 sua
545 1140 777 1193 spernendo
810 1140 947 1179 forsan
979 1140 1135 1191 regalia
1161 1140 1278 1192 jussa

332 1208 453 1248 ,Illic
483 1212 700 1262 pugnaret,
733 1221 811 1260 quo
842 1222 919 1248 rex
950 1208 1056 1247 idem
1084 1208 1330 1261 prohiberet.

358 1323 415 1362 At
446 1323 530 1362 dux
561 1322 779 1371 Heni-icus,
812 1323 941 1362 frater
971 1323 1082 1374 regis
1113 1321 1385 1369 venerandus,

355 1391 551 1444 Princeps
583 1392 622 1430 in
654 1405 782 1443 regno
815 1392 949 1430 suerat
978 1397 1075 1430 tunc
1105 1404 1250 1443 nempe
1282 1389 1417 1442 quieto

356 1460 455 1499 Post
484 1473 637 1511 regem,
669 1460 777 1512 plebi
809 1461 950 1499 merito
982 1459 1230 1498 venerabilis
1262 1458 1388 1508 omni3

359 1528 438 1573 Qui
470 1528 544 1566 sibi
576 1528 776 1579 condigne
809 1529 933 1579 legali
961 1528 1100 1580 junxit
1131 1541 1266 1566 amore

363 1597 524 1635 Arnulfi
555 1603 702 1644 natam,
735 1597 848 1635 ducis
880 1597 1051 1648 egregii,
1083 1607 1337 1648 generosam,

358 1664 530 1704 Nomine
563 1664 771 1712 Judittam,
803 1665 941 1704 vultus
973 1665 1190 1717 splendore
1222 1675 1431 1703 coruscam

357 1733 419 1772 Ac
452 1733 614 1785 fulgore
644 1733 775 1785 magis
807 1738 976 1773 cunctae
1008 1733 1176 1772 nitidam
1206 1731 1406 1772 bonitatis.

356 1801 432 1840 His
463 1802 519 1841 ita
551 1802 734 1853 digestis,
767 1802 902 1841 suerat
931 1815 1013 1854 pax
1045 1801 1222 1853 undique
1253 1799 1404 1839 nostris

355 1870 420 1908 Ad
449 1873 608 1922 tempus
640 1870 841 1908 modicum
872 1870 1064 1921 libitoque
1094 1869 1226 1908 minus
1256 1867 1507 1920 populorum,

357 1938 565 1977 Bellorum
597 1942 708 1977 certe
740 1951 863 1976 saevo
895 1938 1087 1988 clangore
1118 1937 1292 1975 tacente.

363 2051 396 2091 Ο
429 2064 548 2103 quam
579 2052 842 2103 tranquillum
873 2051 1011 2090 ridens
1044 2051 1267 2090 deduceret
1296 2061 1443 2088 aevum

355 2120 582 2159 Fortunata
613 2120 711 2159 satis
743 2124 906 2159 nostrae
937 2133 1004 2158 res
1035 2119 1196 2172 publica
1226 2117 1372 2170 gentis,

355 2188 471 2233 Quae
502 2188 619 2227 nimis
649 2188 816 2241 imperio
847 2188 958 2239 regis
988 2188 1147 2239 regitur
1179 2185 1386 2239 sapientis,

354 2255 396 2295 Si
427 2269 506 2295 non
537 2256 692 2308 antiqui
723 2257 829 2295 mala
860 2256 1060 2295 calliditas
1091 2255 1240 2294 inimici

355 2324 559 2363 Turbaret
588 2331 772 2363 nostrum
804 2330 964 2363 secreta
994 2323 1139 2362 fraude
1169 2324 1376 2362 serenum!

353 2392 538 2443 Denique
570 2393 741 2431 devietis
772 2393 1025 2444 aligenorum
1055 2393 1160 2431 bene
1190 2392 1294 2439 telis,

356 2526 547 2558 ditiones,
567 2525 628 2551 Ρη.
666 2526 728 2553 218.
749 2526 865 2559 fiere,
885 2525 943 2559 M.‚
977 2526 1085 2551 ebcnso
1106 2533 1201 2559 urspr.
1222 2525 1253 2551 Ρ.
1289 2524 1350 2551 220.
1369 2522 1504 2550 Nullus
1524 2523 1604 2547 erat

350 2571 496 2605 populns,
519 2570 561 2604 c,
585 2570 617 2596 R.
638 2579 665 2597 u.
687 2570 717 2598 S.
755 2571 814 2598 ¹299.
840 2572 982 2597 vinxit.
1004 2571 1034 2598 P.
1072 2571 1133 2599 241.
1156 2568 1436 2605 alienigenum,
1457 2568 1500 2602 C.‚
1519 2567 1551 2594 R.
1572 2575 1600 2594 u.

351 2616 403 2649 S.;
427 2617 458 2643 P.
479 2615 558 2642 hane
578 2616 787 2650 ursprfinglich
810 2617 1097 2651 unausgesclirieben
1123 2617 1294 2650 aligeno,
1324 2615 1372 2641 fiir
1389 2615 1441 2641 das
1469 2613 1600 2640 alieni-

351 2671 480 2696 genum
500 2661 545 2688 als
566 2662 722 2688 eorrectur
741 2670 777 2688 an
798 2663 852 2688 den
865 2663 944 2689 Rand
964 2665 1075 2697 gesetzt
1094 2658 1204 2689 wu'rde.
