1702 2939
551 222 870 267 —109—

60 344 126 386 25.
146 345 269 386 Urbis
301 343 365 383 cui
394 343 549 396 primus
579 341 800 394 Dionysius
830 341 918 393 ipse
950 343 1095 380 beatus

150 412 355 466 Exposuit
385 423 560 458 causam,
591 423 665 462 pro
696 422 775 460 qua
805 412 1095 448 construxerat
1123 421 1247 457 aram,

152 482 208 521 Et
237 481 306 527 sic,
336 479 506 518 alternis
537 478 788 517 certantibus
819 491 918 528 ergo
950 478 1134 529 loquelis,

152 550 233 595 Qui
263 549 341 587 fuit
370 547 619 594 incredulus,
650 546 745 585 fidei
774 546 898 584 cessit
928 547 1032 585 bene
1063 546 1208 585 vietus.

196 618 296 657 Post
325 617 426 655 haec
457 628 673 666 egressus,
713 627 834 653 caeco
866 614 937 652 dat
966 615 1117 652 lumina
1146 614 1314 661 Paulus,

65 685 130 726 30.
155 686 286 731 Quem
314 697 537 737 properare
567 683 730 734 quidem
760 683 878 721 citius
908 682 1119 734 praecepit
1147 683 1189 721 in
1219 684 1373 721 urbem.

150 754 273 793 Hunc
300 754 484 792 functum
513 764 686 790 cernens
715 751 949 803 praedictus
977 750 1128 789 lumine
1157 751 1348 803 princeps

149 822 204 861 Et
234 822 407 861 credens
438 821 567 871 signo,
597 819 733 858 divino
762 819 927 857 numine
957 819 1077 867 facto,

153 890 341 929 Festinat
370 889 502 928 subito
531 887 698 926 Damari
727 901 817 926 cum
849 889 1023 939 conjuge
1056 900 1152 926 cara

151 959 348 1009 Pergcre,
381 971 458 1009 quo
488 957 662 996 Paulum
692 960 944 1007 cognoverat
974 969 1068 995 esse
1089 957 1266 1005 beatum,

63 1025 129 1067 35.
152 1027 290 1079 Ipsius
321 1026 450 1065 multa
475 1025 582 1077 juris
612 1025 829 1064 eomitante
861 1028 1041 1073 caterva,

150 1096 231 1141 Qui
260 1097 414 1147 pariter
445 1093 642 1145 (fuerant)
673 1105 789 1132 sacro
821 1093 1065 1145 baptismate
1097 1093 1226 1141 tincti,

154 1164 331 1203 Prorsus
359 1163 497 1201 delicti
525 1161 774 1200 mundantur
802 1162 924 1200 sorde
953 1162 1126 1200 veterni.

206 1232 272 1280 Et,
304 1232 372 1283 qui
404 1232 490 1270 dux
519 1230 649 1282 plebis
680 1230 826 1277 fuerat,
858 1229 1075 1268 simulacra
1105 1229 1288 1278 colentis,

152 1301 326 1340 Praesul
357 1300 553 1338 catholico
584 1298 849 1351 praeponitur
880 1312 979 1349 ergo
1010 1299 1183 1350 popello.

65 1369 130 1409 40.
152 1370 242 1417 Hic,
276 1369 441 1421 praesul
473 1370 617 1414 factm,
648 1368 749 1405 mira
781 1366 960 1406 bonitate
992 1367 1177 1412 decorus,

155 1438 330 1478 Sedulus
361 1438 538 1476 officium
566 1438 672 1475 benc
703 1435 922 1487 complevit
952 1435 1027 1474 sibi
1051 1435 1251 1487 junctum,

153 1508 359 1546 Absentes
390 1505 566 1557 scriptis,
595 1509 836 1557 praesentes
867 1503 1043 1555 denique
1075 1504 1193 1543 dictis

154 1576 222 1614 Ad
251 1587 377 1614 verae
409 1573 563 1612 cultum
592 1573 689 1612 fidei
718 1572 904 1611 ducendo
935 1572 1200 1623 sequendum.

154 1643 259 1683 Nam
283 1642 486 1694 quondam
508 1654 700 1693 pergens,
725 1654 864 1679 semen
880 1640 997 1679 verbi
1015 1653 1174 1692 quoque
1191 1652 1406 1693 spargens,

67 1710 133 1751 45.
156 1711 331 1763 Hospes,
358 1712 444 1763 jam
471 1712 673 1761 vergente
705 1709 782 1756 die,
814 1709 946 1748 fertur
975 1709 1144 1761 petiisse

159 1779 356 1819 Sanctum
383 1780 673 1832 presbyterum
703 1776 961 1824 Cretensem,
992 1778 1155 1816 nomine
1186 1776 1381 1832 Carpum,

154 1848 236 1894 Qui
265 1848 371 1887 male
399 1847 565 1887 tristitia
593 1847 914 1886 conturbabatur
943 1859 1083 1885 amara

153 1917 323 1957 Necnon
353 1917 445 1969 plus
475 1916 584 1955 licito
614 1928 813 1955 succensa
843 1916 995 1954 ferbuit
1022 1915 1095 1963 ira,

157 1986 339 2031 Quidam
369 1985 534 2036 gentilis
565 1984 660 2036 quia
690 1984 900 2037 perversis
930 1984 1109 2022 suadelis

70 2053 135 2095 50.
156 2055 273 2094 Fecit
304 2054 576 2093 christicolam
605 2053 701 2092 fidei
731 2065 849 2092 sacra
880 2066 1077 2105 spernere
1108 2052 1322 2104 quendam.

155 2123 277 2162 Hunc
307 2125 348 2161 et
378 2123 665 2174 presbyterum
694 2122 860 2174 praesul
891 2122 1021 2160 sensit
1050 2122 1138 2161 fore
1168 2126 1380 2170 moestum,

156 2189 330 2231 Causam
361 2191 551 2230 tristitiae
581 2190 719 2229 verbis
750 2191 976 2241 quaerebat
1005 2190 1156 2238 amicis,

158 2260 224 2308 Et,
255 2261 415 2299 tristem
444 2259 606 2299 monitis
637 2258 787 2297 blande
815 2259 1030 2298 mulcendo
1058 2258 1260 2310 benignis,

159 2328 368 2377 Suaserat,
399 2331 445 2367 ut
474 2328 638 2366 nimiam
668 2326 801 2366 cordis
832 2327 1057 2379 deponeret
1085 2327 1189 2366 iram

72 2394 137 2436 55.
158 2396 212 2435 Et
240 2410 313 2449 pro
346 2397 613 2449 dampnandis
644 2397 838 2434 exoraret
867 2395 1095 2444 scelerosis,

162 2465 253 2513 Qui,
285 2465 363 2505 cito
396 2465 584 2505 conversi
614 2463 857 2517 Christoque
887 2464 1148 2512 reconciliati,

81 2563 125 2592 33.
145 2563 321 2597 clamari,
352 2565 392 2591 M.
412 2574 440 2591 ιι.
461 2565 512 2599 P.;
541 2567 612 2591 statt
631 2564 737 2590 dessen
766 2567 867 2591 setzen
890 2563 921 2590 C.
941 2572 971 2592 u.
992 2563 1022 2592 S.
1053 2563 1226 2598 cupidus.
1265 2563 1412 2596 Damaris,

152 2610 198 2636 die
218 2610 371 2636 Gemahlin
400 2611 450 2637 des
473 2612 649 2645 Dionysius,
683 2610 776 2645 ver-gl.
808 2609 1114 2645 Apostelgeschichte.
1157 2609 1202 2636 36.
1223 2607 1281 2636 Qui
1303 2610 1414 2642 pariter

151 2663 254 2689 sacro,
281 2656 322 2682 M.
339 2664 369 2682 u.
391 2657 424 2684 P.
444 2656 502 2684 Qui
522 2658 633 2690 pariter
652 2656 814 2684 fuerant
832 2664 928 2691 sacro,
950 2656 980 2683 C.
1004 2665 1034 2685 u.
1056 2655 1087 2684 S.
1132 2656 1177 2684 51.
1196 2654 1414 2681 thrseheinl.

152 2701 238 2728 Cum
258 2704 296 2730 et.
331 2702 375 2730 56.
396 2700 490 2736 Quo,
513 2701 546 2731 C.
566 2711 594 2728 u.
614 2702 645 2729 S.
