1702 2939
601 209 886 253 ...ς-35...

230 326 416 375 Dixerat,
447 331 583 380 atque,
615 328 701 367 solo
732 329 962 381 prostratus
993 340 1164 381 corpore
1193 328 1290 376 toto,

56 396 147 437 860.
163 397 351 436 Volvitur
381 399 476 435 ante
507 397 633 449 pedes
665 399 831 436 sanctae
862 397 1077 449 rogitando
1109 395 1266 436 Mariae

169 462 394 504 Gratiolam
424 465 540 517 pueri
571 468 812 505 constanter
842 478 943 505 voce
974 465 1096 514 fideli,

170 534 303 579 Quem
333 537 464 573 mater
494 534 649 586 gremio
681 534 866 586 gaudens
896 534 1076 587 portavit
1105 534 1243 573 amico.

168 738 215 803 o
245 764 449 804 laudanda
480 767 574 805 tuae
604 765 767 805 virtutis
799 765 942 817 gloria,
975 764 1149 814 Christe,

168 832 202 872 O
233 833 418 872 miranda
449 846 590 873 sacrae
621 847 784 886 semper
813 834 984 874 mutatio
1016 834 1202 882 dextrae,

55 899 148 941 865.
162 901 243 947 Qui
273 904 372 941 nutu
405 902 527 942 tacito
558 903 661 955 potis
694 916 737 941 es
769 902 986 955 disponere
1019 904 1189 942 cuncta!

168 970 270 1016 Quis
298 971 411 1010 volet
441 984 540 1023 ergo
572 974 665 1011 tuae
696 972 859 1024 pietatis
891 984 1061 1011 munera
1092 983 1287 1024 magnae,

172 1038 301 1080 Unice
333 1042 429 1078 nate
460 1040 547 1089 Dei,
580 1054 734 1080 summo
766 1041 906 1080 similis
935 1040 1133 1093 genitori,

168 1107 313 1147 Mirari
346 1109 482 1160 digne,
514 1109 659 1148 merita
688 1109 757 1148 vel
789 1109 927 1148 dicere
958 1109 1100 1157 laude,

175 1175 255 1222 Qui
283 1177 413 1216 nostri
444 1190 566 1217 cansa
596 1177 729 1217 fecisti
759 1180 873 1217 tanta
903 1177 1134 1230 stupenda?

65 1242 157 1285 870.
173 1244 246 1294 Tu,
280 1245 367 1284 sine
399 1246 595 1298 principio
625 1251 746 1286 natus
778 1247 828 1285 de
859 1249 977 1300 patre
1008 1258 1197 1299 superno,

171 1313 251 1353 Per
281 1318 502 1367 praecepta
533 1315 660 1367 patris
692 1315 903 1368 complesti
933 1315 1095 1354 viscera
1122 1313 1288 1361 matris,

172 1383 237 1422 Ex
268 1383 343 1422 hac
374 1397 610 1436 corpoream
642 1397 806 1423 sumens
838 1385 912 1423 sub
943 1386 1127 1436 tempore
1158 1382 1349 1422 sormam!

173 1452 335 1503 Quique
368 1452 482 1491 vales
514 1453 678 1506 propria
709 1453 903 1492 mundum
935 1452 1164 1491 conducere
1191 1450 1339 1504 palma,

173 1519 411 1559 Panniculis
443 1521 589 1573 stringi
619 1535 699 1561 non
730 1522 833 1560 raris
866 1522 965 1560 haut
994 1520 1209 1573 respuisti3

57 1586 218 1629 8751st
248 1589 317 1641 qui
348 1589 510 1629 stellato
541 1590 698 1629 resides
730 1590 829 1629 solio
860 1603 985 1642 super
1016 1589 1182 1636 aethra,

170 1657 305 1697 Parvo
337 1658 526 1711 praesepi
557 1661 791 1698 contractus
822 1658 1095 1711 procubuisti3

169 1726 235 1774 Et,
269 1727 336 1778 qui
366 1727 602 1779 multigenis
634 1727 805 1780 imponis
837 1727 998 1766 nomina
1030 1726 1159 1765 stellis

170 1795 232 1835 Ae
261 1795 424 1848 pluviae
456 1799 606 1848 guttaS,
638 1796 775 1849 pelagi
806 1808 966 1848 quoque
997 1796 1107 1834 solus
1139 1806 1288 1834 arenas

170 1864 265 1904 Rite
295 1868 412 1918 potes
442 1879 611 1904 numero
641 1878 715 1918 per
746 1868 786 1904 te
819 1864 1114 1918 comprendere
1146 1866 1281 1912 certo,

57 1931 218 1974 880.Ut
248 1933 418 1985 fragiles
450 1934 579 1986 pueri,
611 1934 816 1987 patienter
847 1933 1088 1982 conticuisti,

170 2001 384 2055 Tempore,
416 2003 626 2054 virgineas
657 2016 735 2055 quo
767 2002 915 2042 suxisti
945 2002 1010 2055 pie
1047 2013 1252 2041 mammas.

175 2070 351 2123 Insuper
381 2070 602 2117 Herodem,
634 2071 747 2110 nulla
778 2071 991 2110 formidine
1021 2084 1183 2122 regem,

173 2137 254 2178 Sed
286 2139 372 2177 sola
403 2142 514 2178 certe
546 2139 690 2191 fugisti
719 2152 792 2192 pro
827 2139 992 2192 pietate,

172 2206 263 2252 Quo
295 2208 430 2246 carnis
460 2220 603 2246 veram
635 2207 938 2247 demonstrares
969 2207 1034 2260 pie
1067 2208 1248 2246 formam.

60 2272 218 2315 885.Et
249 2289 344 2314 mox
375 2277 528 2328 absque
560 2289 672 2315 mora
703 2276 835 2315 fecisti
867 2288 994 2315 saxea
1025 2276 1148 2315 corda

171 2343 276 2383 Nam
306 2357 559 2396 paganorum
594 2345 835 2384 mollescere
866 2358 947 2384 non
979 2344 1220 2383 domitorum

172 2411 227 2452 Et
257 2413 409 2452 sentire
440 2419 555 2452 tuum
585 2413 757 2452 solidum
788 2427 861 2466 per
893 2418 1077 2466 tempora
1107 2425 1293 2464 regnum,

174 2481 265 2526 Quo
295 2487 336 2521 te
368 2481 515 2520 divinis
545 2482 686 2521 moniti
717 2483 870 2521 scirent
901 2483 987 2521 fore
1019 2482 1147 2534 signis

173 2549 326 2602 Ipsum,
357 2550 424 2602 qui
454 2550 539 2589 solo
571 2550 702 2589 fecisti
737 2552 878 2590 secula
907 2553 1047 2599 verbo,

96 2673 158 2700 873.
184 2674 356 2709 proprio,
377 2673 428 2707 M„
451 2674 689 2708 propria-palum.
727 2674 788 2703 8712.
811 2675 950 2709 nitigi,
973 2674 1025 2709 M.;
1047 2672 1137 2707 vergi.
1159 2673 1188 2699 1,.
1211 2672 1241 2699 ΙΙ.
1263 2671 1297 2697 G.
1316 2669 1375 2698 537.

1232 2708 1297 2748 ὃ*
