1702 2939
253 494 691 544 CONSTANTINUS,
724 495 958 548 imperator.

250 562 615 604 G-ALLICANUS.

251 631 615 671 CONSTANTIA.

248 700 520 739 ARTEMIA.

248 768 466 808 ATTICA.

247 837 551 877 JOHANNES.

245 906 474 947 PAULUS.

244 973 553 1014 PRINCIPES.

245 1044 522 1094 (MlLiTEs.)
541 1045 576 1096 2)

247 1112 527 1164 (TRlBUNI.)

246 1180 507 1233 (HOSTES.)

250 1249 528 1301 (BRADAN.)

243 1317 517 1370 (HELENA.)

561 1568 955 1608 Constantinus.
978 1569 1012 1621 3)

101 1637 261 1678 Taedet
290 1652 367 1687 me,
392 1636 618 1687 Gallicane,
650 1650 866 1686 morarum,
899 1638 993 1690 quia
1022 1639 1200 1689 gentem,
1233 1650 1353 1689 quam
1385 1640 1477 1688 seis,

101 1705 360 1759 Scytharum,
372 1707 583 1746 Romanae
606 1707 733 1746 solam
753 1706 948 1745 resistere
966 1707 1057 1759 paei
1073 1706 1305 1758 nostrisque
1323 1709 1478 1746 temere

100 1777 334 1829 praeceptis
364 1776 572 1824 reluctari,
612 1776 719 1814 bello
759 1775 966 1827 protrahis
1007 1775 1234 1823 lacessere,
1277 1788 1368 1814 eum
1403 1788 1478 1828 pro

98 1845 157 1883 tui
188 1845 431 1884 strenuitate
472 1845 513 1883 id
553 1844 711 1883 tibimet
750 1844 904 1882 exereii
920 1843 954 1896 4)
987 1844 1039 1883 ad
1080 1843 1361 1883 defensionem
1397 1857 1479 1883 non

99 1913 265 1964 ignores
296 1914 454 1966 patriae
486 1913 655 1952 servari.
679 1912 711 1964 5)

630 1979 946 2021 Gallicanus.

102 2049 200 2089 Tuis
233 2050 349 2099 enim,
383 2064 404 2090 o
431 2050 622 2101 Auguste
654 2048 935 2097 Constantine,
970 2049 1118 2088 obnixe
1148 2049 1334 2088 manibus
1364 2048 1477 2102 pedi-

99 2119 255 2170 busque
288 2132 449 2171 semper
480 2119 672 2157 insistens
704 2118 919 2169 obsequiis,
950 2120 1045 2156 tuae
1065 2117 1309 2168 Augustalis
1340 2118 1476 2156 excel-

98 2187 248 2226 lentiae
281 2189 387 2227 votis
419 2186 566 2226 effectu
604 2188 780 2225 conabar
811 2186 1062 2238 respondere
1094 2186 1241 2238 operiS,
1283 2199 1360 2225 nee
1390 2199 1475 2224 um-

101 2269 221 2308 quam
249 2270 313 2295 me
335 2256 368 2309 6)
399 2256 587 2295 subtraxi
616 2254 825 2294 faciendis.

581 2322 991 2363 Constantinus.

103 2390 145 2431 Si
178 2406 277 2446 opus
310 2395 372 2432 est
411 2393 584 2432 monitu:
630 2405 724 2431 nam
753 2391 972 2430 memoriae
1003 2391 1131 2430 fixum
1161 2392 1293 2430 teneo.
1324 2378 1476 2431 'Unde

102 2461 237 2500 monui
267 2462 467 2501 hortando
498 2461 645 2514 potiuS,
674 2473 794 2513 quam
825 2460 1048 2512 arguendo,
1080 2472 1235 2499 morem
1264 2461 1311 2498 ut
1341 2471 1475 2511 geras.

117 2597 149 2634 2)
171 2598 222 2624 Die
254 2598 485 2633 unwiclitigeren
507 2599 657 2625 Personen
687 2599 753 2625 sind
782 2599 808 2624 in
836 2597 875 2625 M.
903 2601 953 2625 nie
980 2597 1149 2632 angefiihrt.
1188 2596 1235 2623 leh
1265 2598 1344 2622 setze
1376 2597 1419 2622 sie
1445 2595 1474 2621 in

169 2644 347 2670 Parenthese
380 2645 479 2671 hinzu.
530 2645 561 2680 3)
584 2645 891 2679 Constantinus,
923 2644 997 2670 fehlt
1019 2645 1047 2669 in
1078 2643 1119 2671 M.
1166 2642 1198 2677 4)
1219 2643 1419 2675 exercitii,
1444 2639 1475 2668 C.

169 2690 199 2716 S.
213 2699 238 2716 u.
253 2690 473 2725 Mg.vergl.Du
486 2690 595 2725 Gange.
632 2692 665 2726 5)
689 2699 727 2717 se
740 2699 777 2717 rv
790 2699 869 2725 are,
890 2691 920 2716 C.
942 2699 970 2716 u.
993 2689 1023 2719 S.
1061 2690 1093 2724 6)
1113 2696 1164 2715 me
1187 2687 1268 2715 fehlt
1286 2689 1313 2716 b.
1333 2687 1365 2715 C.
1380 2696 1409 2716 u.
1426 2687 1457 2716 S.

1146 2726 1198 2764 10
