1702 2939
620 193 935 236 -279—

628 310 926 363 Sapientia.

90 381 231 422 Omnis
261 392 435 432 namque
466 392 662 418 numerus
702 380 924 420 inminutus
957 381 1130 430 dieitur,
1169 383 1285 435 eujus
1325 387 1466 436 partes

91 452 333 503 conjunctae
362 449 560 488 minorem
591 449 659 488 illo
689 462 870 497 numero,
903 451 1019 503 eujus
1051 453 1191 503 partes
1223 455 1329 501 sunt,
1358 467 1466 493 sum-

88 532 178 558 mae
209 519 480 572 quantitatem
510 518 709 566 reddunt,
750 523 795 558 ut
827 521 926 558 octo.
986 518 1064 558 Est
1103 522 1240 558 autem
1269 522 1467 561 octonarii

88 589 287 628 medietas
305 590 490 639 quatuor,
521 599 618 639 pars
635 590 781 638 quarta
813 587 903 635 duo,
923 599 1020 640 pars
1039 589 1184 627 octava
1200 602 1336 637 unum,
1362 603 1466 642 quae

89 659 130 697 in
173 671 299 697 unum
342 657 535 695 redactae
577 660 734 708 septem
779 656 968 695 reddunt.
1030 656 1224 696 Similiter
1271 659 1465 699 denarius

88 727 212 766 habet
242 726 449 765 dimidiam
479 728 639 777 partem
670 724 860 776 quinque,
894 725 1077 776 quintam
1107 729 1245 766 autem
1277 728 1368 776 duo,
1397 729 1466 767 de-

88 796 232 835 cimam
262 808 363 833 vero
394 807 539 841 unum,
587 805 690 844 quae
737 793 854 832 simul
886 795 1100 846 copulatae
1133 798 1222 834 oeto
1254 797 1465 848 eolligunt.

84 864 119 904 E
153 864 356 904 contrario
379 866 516 902 autem
535 861 768 914 superfluus
791 861 953 909 dieitur,
977 864 1092 915 cujus
1117 870 1257 916 partes
1275 867 1464 917 augendo

86 936 291 980 crescunt,
322 935 368 972 ut
399 931 634 981 duodecim3
666 933 730 970 est
751 930 857 968 enim
881 931 1120 970 duodenarii
1145 933 1344 972 medietas
1376 947 1464 983 sex,

85 1015 182 1056 pars
228 1002 350 1041 tertia
396 1004 591 1052 quatuor,
633 1011 729 1051 pars
769 1002 918 1051 quarta
960 1000 1048 1048 tria,
1090 1013 1186 1053 pars
1218 1005 1338 1041 sexta
1371 1003 1464 1051 duo,

87 1083 185 1124 pars
218 1070 456 1110 duodecima
486 1082 633 1118 unum3
665 1069 728 1107 hic
753 1070 937 1108 cumulus
968 1070 1174 1109 redundat
1203 1070 1244 1109 in
1276 1071 1466 1110 sedecim.

84 1139 140 1180 Ut
170 1143 307 1178 autem
336 1139 601 1191 principalem
641 1151 721 1177 non
752 1144 1031 1190 praeteream,
1073 1139 1142 1191 qui
1182 1139 1289 1178 inter
1318 1140 1463 1179 intem-

79 1208 295 1261 'perantias
336 1207 459 1246 medii
498 1211 868 1258 temperamentum
908 1207 1046 1246 limitis
1085 1208 1252 1247 sortitus
1289 1211 1363 1257 est,
1393 1209 1464 1248 ille

83 1290 280 1316 numerus
310 1277 523 1329 perfectus
555 1276 723 1323 dicitur,
766 1275 852 1327 qui,
894 1276 978 1314 suis
1009 1288 1164 1328 aequus
1185 1276 1234 1329 19)
1265 1278 1463 1329 partibus,

85 1359 163 1385 nee
194 1349 339 1397 auget,
371 1358 448 1384 nee
478 1345 633 1392 minuit,
665 1346 711 1382 ut
741 1357 829 1391 serr,
862 1345 977 1397 eujus
1008 1349 1160 1397 parteS‚
1192 1345 1234 1384 id
1266 1349 1340 1394 est,
1371 1346 1462 1395 tria,

83 1416 174 1462 duo,
205 1428 343 1462 unum,
385 1414 561 1452 eundem
603 1413 810 1451 senarium
848 1414 1080 1453 restituunt.
1142 1413 1270 1453 Simili
1301 1428 1462 1467 quoque

81 1483 242 1522 ratione
273 1482 421 1534 viginti
452 1484 554 1528 octo,
587 1482 890 1533 quadringenta
908 1482 962 1534 2⁰)
991 1483 1214 1535 nonaginta
1244 1496 1332 1533 sex,
1368 1486 1457 1524 octo

86 1552 196 1590 milia
227 1554 391 1590 eentum
419 1551 569 1602 viginti
601 1555 690 1589 octo
721 1549 902 1603 perfecti*
926 1551 1127 1591 dicuntur.

606 1619 923 1659 Hadrianus.

84 1678 140 1718 Et
171 1678 266 1730 quid
297 1677 475 1729 reliqui?

619 1733 915 1787 Sapientia,

83 1805 234 1845 Omnes
266 1804 475 1857 superflui,
507 1816 594 1842 Sive
625 1803 824 1842 inminuti.

605 1872 929 1912 Hadrianus.

83 1943 186 1989 Quis
216 1955 410 1981 numerus
441 1941 597 1994 pariter
628 1954 703 1994 par
721 1943 740 1981 ἱ)

618 2010 913 2062 Sapientia.

84 2081 166 2126 Qui
196 2082 333 2133 potest
359 2079 399 2118 in
432 2079 510 2118 duo
551 2079 737 2130 aequalia
770 2080 906 2127 dividi,
949 2080 1120 2131 ejusque
1156 2092 1252 2132 pars
1293 2080 1334 2119 in
1377 2080 1456 2120 duo

80 2149 280 2202 aequalia,
304 2148 514 2200 partisque
546 2161 641 2200 pars
672 2161 712 2186 1n
745 2148 823 2187 duo
856 2148 1054 2200 aequalia,
1084 2161 1131 2188 ae
1163 2149 1357 2201 deinceps
1380 2162 1456 2201 per

87 2219 280 2264 ordinem,
300 2217 429 2255 donee
446 2217 485 2254 in
502 2217 555 2267 Ἥ)
574 2217 836 2255 insecabilem
853 2217 1034 2256 incurrat
1053 2217 1262 2265 unitatem,
1294 2221 1339 2257 ut
1365 2219 1454 2258 coto

81 2290 122 2326 et
152 2286 330 2325 sedecim
361 2299 594 2336 omnesque,
626 2286 693 2337 qui
724 2287 773 2324 ab
804 2286 867 2324 his
898 2287 938 2324 in
969 2286 1092 2339 duplo
1124 2287 1236 2326 fiunt.

604 2365 928 2404 Hadrianus.

80 2435 135 2475 Et
165 2435 254 2488 quis
287 2438 350 2474 est
379 2434 534 2487 pariter
564 2435 724 2487 impar?

117 2618 163 2651 19)
182 2618 333 2651 aequis.
356 2617 387 2645 C.
408 2625 436 2643 u.
458 2616 505 2649 ἃς
527 2620 700 2649 augetur,
733 2617 936 2651 minuitur,
962 2617 1004 2652 C.,
1025 2617 1055 2646 S.
1079 2627 1108 2646 u.
1130 2618 1190 2653 Mg.
1228 2618 1279 2649 20)
1299 2618 1450 2652 quadra-

183 2665 306 2699 ginta,
332 2663 363 2691 C.
385 2672 411 2689 u.
432 2663 463 2691 S.
500 2663 662 2698 ¹21)d‹›nec
690 2665 743 2697 in,
764 2663 837 2689 fehlt
858 2664 885 2689 iu
907 2665 940 2692 C.
959 2673 986 2692 u.
1009 2663 1039 2691 S.
