1702 2939
761 198 1075 241 ——146—

752 311 1076 354 Gallicanus.

227 376 277 418 Id
308 380 441 433 ipsum
472 381 594 420 etiam
623 382 794 421 studebo
826 397 943 421 nune.

706 450 1104 491 Constantinus.

229 517 411 559 Gaudeo.

754 585 1083 627 Gallicanus.

227 654 315 696 Nee
336 667 471 695 amore
496 655 606 695 vitae
631 655 777 695 abduei
802 659 955 708 potero,
983 657 1077 708 quin
1105 669 1311 710 peragam,
1340 670 1444 711 quae
1464 659 1597 711 jubes.

713 723 1111 764 Constantinus.

228 791 385 842 Placet,
416 792 555 845 tuique
586 792 626 831 in
655 805 719 832 me
750 792 1066 831 benivolentiam
1098 794 1229 834 laudo.

749 858 1075 900 Gallicanus.

231 928 312 968 Sed
343 941 498 968 summa
528 929 757 981 implendae
788 929 958 969 intentio
985 930 1196 971 servitutis
1223 943 1419 971 summam
1443 931 1602 985 expetit

230 998 648 1051 recompensationem
677 998 888 1037 mercedis,

722 1065 1123 1107 Constantinus.

229 1134 317 1174 Nee
348 1134 507 1187 injuria.

748 1201 1080 1243 Gallicanus.

229 1270 460 1310 Difficultas
501 1271 607 1310 enim
647 1272 937 1323 cujuscumque
977 1272 1126 1312 laboris
1167 1273 1418 1314 tolerabilius
1457 1274 1599 1324 fertur,

231 1339 265 1378 si
296 1340 395 1378 haut
424 1339 582 1379 ineerta
612 1340 871 1392 accipiendae
904 1354 976 1392 spe
1007 1341 1206 1380 mercedis
1237 1342 1458 1382 relevatur.

713 1406 1107 1448 Constantinus.

230 1473 362 1514 Patet.

753 1542 1079 1584 Gallicanus.

229 1610 350 1652 Unde
367 1611 534 1651 ineundi
557 1612 782 1665 praemium
803 1613 975 1665 periculi
995 1613 1103 1661 mihi,
1133 1625 1296 1665 quaeso,
1328 1626 1532 1666 proponas
1560 1613 1602 1654 in

231 1680 453 1731 praesenti,
482 1694 561 1732 quo
603 1681 764 1733 inpigre
802 1681 995 1720 dimicans
1025 1682 1173 1721 sudore
1203 1695 1284 1722 non
1314 1682 1484 1735 frangar
1513 1695 1600 1722 eer-

229 1748 405 1796 taminis,
437 1748 638 1788 animatus
667 1762 739 1802 spe
769 1750 1058 1789 retributionis.

715 1815 1120 1857 Constantinus.

232 1883 352 1928 Quod
397 1883 678 1935 dignissimum
722 1887 908 1937 omnique
956 1887 1173 1925 videbatur
1216 1887 1376 1926 senatui
1415 1887 1600 1939 gratissi-

229 1963 351 1997 mum,
380 1950 418 2001 ⁷)
447 1965 665 2003 numquam
696 1953 767 1991 tibi
796 1955 1010 2004 negabam,
1049 1957 1120 1993 aut
1150 1956 1322 2006 negabo,
1363 1956 1599 2008 praemium,

231 2019 389 2058 seih'eet
418 2022 582 2058 nostrae
608 2020 865 2072 adeptionem
881 2022 1166 2062 familiaritatis
1187 2023 1515 2077 praecipuaeque
1532 2022 1550 2048 ⁷
1564 2023 1601 2076 ²)

229 2086 337 2126 inter
366 2087 569 2139 palatinos
601 2088 822 2140 dignitatis.

759 2155 1089 2207 Gallicanus,

229 2221 392 2271 Fateor,
424 2223 498 2262 sed
527 2223 570 2263 id
599 2237 707 2264 nune
736 2225 835 2264 haut
864 2226 1017 2265 molior.

719 2291 1110 2333 Constantinus.

231 2356 275 2397 Si
301 2356 412 2397 aliud
441 2361 626 2411 expetaS,
658 2363 819 2413 oportet
847 2363 1045 2414 proferas.

748 2427 1079 2469 Gallicanus.

227 2492 356 2533 Immo
387 2494 507 2533 aliud.

262 2605 294 2640 7)
312 2605 595 2641 gravissimum,
615 2603 644 2634 S.
684 2607 744 2644 72)
764 2609 1277 2645 praecipueque-dignitate,
1298 2609 1351 2645 1².;
1379 2611 1596 2645 praecipueque

332 2650 502 2686 dignitates,
520 2651 554 2680 C.
576 2660 608 2679 u.
631 2651 662 2681 S.
