1702 2939
626 227 914 274 ...99-

192 351 445 391 Detestando
476 350 555 389 viri
585 352 725 389 votum
752 348 957 387 laudabile
983 347 1095 400 justi,

117 419 182 460 35.
198 420 334 472 Ipsius
364 419 574 471 proprium
604 418 700 457 fecit
730 418 966 456 fervescere
995 429 1162 457 servum

199 488 248 526 In
279 500 404 539 supra
435 487 566 525 dictae
599 487 810 524 dementer
839 497 976 523 amore
1006 486 1179 537 puellae.

203 556 283 602 Qui
313 556 431 594 nimis
462 555 620 602 infelix,
655 555 820 607 spiculis
849 554 1060 605 perfossus
1092 556 1251 604 amoris,

207 625 296 670 Quo
328 624 459 675 magis
490 623 678 670 ardescit,
709 626 821 662 tanto
851 622 944 674 plus
975 623 1096 661 corde
1127 625 1311 673 tabescit,

206 693 426 743 Indignum
458 706 501 731 se
534 693 721 744 conjugio
751 690 933 730 meminit
961 691 1055 742 quia
1084 693 1209 739 tanto,

113 760 178 800 40.
201 761 288 800 Nec
316 762 442 800 audet
470 761 627 799 nudare
657 773 809 799 novum
839 759 972 797 cordis
1005 760 1239 800 cruciatum.

201 830 384 869 Tandem
413 841 600 881 namque,
632 841 797 879 magum
824 839 1038 878 quaerens,
1066 829 1284 868 invenerat
1314 843 1456 879 unum,

205 897 417 937 Secretum
448 899 512 937 cui
542 897 731 936 tristitiae
757 897 1001 936 monstravit
1029 909 1204 946 amarae,

203 966 453 1005 Promittens
480 967 538 1005 illi
566 979 646 1005 non
674 966 792 1018 parvi
820 966 926 1004 dona
953 966 1104 1013 lucelli,

204 1034 247 1073 Si
277 1038 461 1074 teneram
491 1035 618 1087 prolis
648 1037 826 1073 mentem
855 1034 1007 1086 proprii
1036 1034 1208 1073 senioris

116 1101 183 1142 45.
205 1103 306 1155 Ejus
338 1103 479 1142 servili
506 1105 591 1155 jani
621 1102 946 1153 conglutinasset
973 1103 1109 1141 amori.

203 1170 277 1211 Cui
306 1185 402 1211 mox
432 1185 655 1224 perversus
684 1171 842 1209 fraudis
873 1171 1034 1209 dicebat
1064 1171 1238 1210 amicus:

201 1240 330 1288 „Nam
353 1241 505 1288 fateor,
535 1243 674 1279 tantae
702 1253 783 1278 non
812 1252 875 1277 me
903 1239 1142 1278 valitudinis
1171 1253 1274 1288 esse,

204 1308 284 1356 „Ut
314 1322 435 1347 servo
466 1309 654 1360 propriae
680 1309 853 1360 jungam
885 1308 1087 1346 consortia
1118 1308 1301 1357 domnae,

208 1376 328 1425 ‚‚Sed,
359 1377 393 1415 si
421 1377 498 1415 rite
528 1389 616 1415 meo
648 1376 802 1427 satagis
831 1389 979 1428 parere
1008 1376 1218 1427 magistro,

116 1444 181 1484 50.
200 1446 306 1493 „Qui
334 1447 524 1498 princeps
554 1450 815 1485 aeternarum
849 1447 1008 1483 constat
1036 1446 1311 1492 tenebrarum,

209 1514 330 1566 „Ipse
362 1518 498 1566 potest
526 1520 638 1553 certe
671 1515 876 1566 complere
905 1517 1022 1553 tuum
1050 1514 1128 1552 cito
1157 1514 1278 1562 velle,

212 1583 280 1630 „si
309 1589 401 1634 post
428 1583 529 1621 haec
560 1582 711 1621 Christi
740 1596 888 1621 nomen
915 1595 995 1620 non
1027 1582 1090 1620 vis
1120 1582 1350 1621 venerari.“

272 1649 357 1697 Cui,
387 1651 493 1688 male
524 1652 713 1689 caecatus
743 1650 934 1689 bachanti
965 1650 1099 1698 corde,
1129 1650 1324 1698 misellus,

217 1718 269 1757 Se
298 1732 592 1757 consensurum
619 1718 801 1767 monitis,
835 1718 1089 1770 promiserat,
1117 1717 1216 1756 istis.

125 1785 190 1826 55.
210 1787 324 1825 Tunc
353 1800 498 1838 magus
527 1787 604 1826 ista
635 1801 707 1826 suo
738 1787 904 1825 mandat
931 1786 1148 1825 scribenda
1178 1785 1399 1837 magistro:

208 1855 430 1907 „Princeps
458 1855 618 1903 inferni,
649 1858 846 1906 regnator
876 1867 1026 1905 magne
1055 1854 1259 1906 profundi,

211 1922 423 1971 „Concede
456 1937 556 1975 ergo
583 1926 672 1962 tuos
701 1936 862 1975 semper
890 1926 1091 1974 temptare
1119 1922 1339 1971 ministros,

219 1991 289 2040 „Si
317 1992 476 2046 possint
503 1992 672 2043 aliquos,
701 1991 824 2031 fontis
852 1991 1096 2044 baptismate
1124 1990 1240 2038 lotos,

219 2060 470 2111 „Assignare
498 2061 583 2109 tibi,
614 2061 844 2099 subtractos
877 2060 927 2098 de
957 2073 1087 2111 grege
1117 2057 1279 2106 Christi,

133 2126 198 2169 60.
228 2129 319 2177 ‚‚Ut,
350 2141 453 2180 quae
481 2131 522 2167 te
551 2129 747 2180 sequitur,
775 2142 937 2181 semper
965 2140 1062 2180 pars
1090 2127 1394 2178 multiplicetur.

216 2197 350 2246 „Hinc
379 2197 450 2236 tibi
479 2209 654 2248 namque
684 2210 819 2235 virum
859 2197 951 2235 misi
991 2196 1179 2247 gaudens
1209 2196 1307 2234 satis
1336 2196 1471 2245 istum,

219 2265 345 2318 „Ejus
374 2266 636 2318 propositum,
670 2278 761 2316 quo,
792 2278 889 2304 mox
918 2264 1156 2316 complendo
1185 2267 1400 2313 secretum,

227 2334 393 2386 „Ipsum
422 2334 665 2386 discipulum
695 2333 822 2372 facies
851 2333 1012 2372 tibirite
1042 2333 1131 2372 futu
1144 2336 1271 2371 ruin.“

216 2402 336 2441 Hanc
364 2403 420 2441 ita
447 2402 720 2455 perscriptam
740 2392 897 2441 inisero
925 2401 1098 2440 dederat
1114 2414 1274 2454 quoque
1292 2401 1476 2441 chartam

142 2569 184 2598 36.
209 2569 439 2604 elementer,
461 2569 512 2600 M..
538 2569 570 2597 Ρ.
592 2579 621 2598 ιι.
643 2570 673 2597 C.
711 2570 754 2598 38.
777 2570 863 2597 corde
885 2569 1071 2604 calescit,
1097 2569 1127 2596 C.
1149 2577 1178 2597 u.
1199 2569 1230 2597 S.
1268 2568 1312 2596 42.
1333 2567 1480 2599 enlin·-

211 2617 341 2649 titiae,
360 2616 401 2644 M.
422 2625 450 2642 u.
471 2616 516 2650 P.;
541 2617 782 2651 moestitiae,
803 2617 834 2644 C.
861 2625 890 2642 u.
912 2615 942 2642 S.
979 2615 1023 2642 44.
1043 2616 1073 2642 Si
1097 2618 1237 2649 teram,
1257 2615 1296 2641 Μ.
1318 2623 1344 2641 u.
1366 2615 1397 2640 P.
1435 2614 1481 2640 52.

212 2669 363 2695 numen,
385 2662 416 2689 C.
437 2670 464 2688 u.
484 2661 515 2690 S.
553 2662 597 2690 53.
619 2661 652 2690 C.
674 2670 701 2691 u.
724 2661 755 2691 S.
783 2662 850 2688 hab.
877 2662 955 2691 hein.
977 2662 1098 2690 Absnz.
1140 2662 1184 2688 55.
1217 2662 1298 2687 inte
1320 2667 1374 2687 suo
1402 2668 1478 2687 mu·

214 2707 263 2734 dat
283 2707 440 2734 scribenda
466 2708 672 2743 ministro,
692 2707 776 2740 0.]1.
797 2707 828 2738 S.

1146 2740 1204 2783 7*
