1702 2939
607 231 922 278 2163-—

567 351 969 393 Constantinus.

80 421 212 464 Recta
241 423 461 477 propositio
491 426 644 475 tuaque
675 423 916 462 auctorita-te
948 423 1160 475 condigna.

603 490 924 531 Gallicanus.

79 560 169 612 Ego
201 561 383 612 quidem,
422 561 665 613 baptismate
697 561 894 609 imbutus,
935 562 1064 600 totum
1100 574 1165 601 me
1195 561 1282 601 Deo
1313 562 1450 614 subju-

80 629 187 680 gavi,
219 630 259 668 in
290 632 461 677 tantum,
501 632 546 669 ut
577 632 684 677 tuae,
717 642 837 681 quam
865 642 963 682 prae
996 631 1178 670 omnibus
1210 631 1349 679 dilexi,
1381 631 1450 669 ab·

79 699 355 737 renuntiarem
385 699 505 747 filiae,
537 712 627 750 quc,
659 698 868 737 abstinens
900 699 1089 751 conjugii,
1120 700 1328 752 placerem
1357 699 1450 738 Vir-

80 767 186 818 ginis
217 768 332 820 proli.

573 823 968 864 Constant-inus.

79 893 242 933 Accede
286 895 497 946 proprius,
543 896 589 932 ut
628 894 781 932 irruam
824 894 866 932 in
910 897 1002 933 tuos
1046 894 1272 946 amplexus.
1331 895 1452 935 Nunc

81 962 254 1014 quidem,
272 976 380 1002 nunc
412 976 536 1014 cogor
567 963 639 1002 tibi
670 963 881 1014 detegere,
901 963 1008 1015 quod
1039 963 1091 1002 ad
1121 966 1282 1016 tempus
1313 965 1450 1003 stude-

78 1032 170 1070 bam
197 1031 350 1071 velare.

597 1087 772 1129 Gallie
785 1101 924 1129 anus

80 1144 188 1191 Quid
200 1147 219 1185 P

566 1203 966 1244 Constantinus.

77 1270 127 1310 Id
156 1271 370 1319 videlicet,
409 1273 515 1325 quod
545 1286 635 1312 mea
666 1275 841 1325 tuaeque
872 1275 993 1312 natae
1026 1271 1157 1311 eidem
1169 1305 1178 1322 ,
1216 1286 1337 1326 quam
1367 1274 1448 1314 ele-

79 1340 187 1392 gisti,
218 1341 386 1382 student
414 1343 613 1394 religioni.

601 1409 937 1451 Gallicanus.

82 1465 262 1508 Gaudeo.

559 1525 967 1566 Constantinus.

80 1591 293 1645 Tantoqne
334 1595 563 1633 servandae
593 1596 841 1646 virginitatis
880 1596 1059 1646 flagrant
1089 1608 1225 1635 amore
1238 1626 1247 1644 ,
1292 1598 1339 1635 ut
1376 1608 1454 1635 nec

78 1663 208 1712 minis,
226 1676 302 1702 nec
331 1664 617 1704 blandimentis
647 1664 835 1703 revocari
863 1667 1034 1716 possunt
1050 1663 1104 1716 4⁶)
1136 1665 1185 1704 ab
1216 1664 1452 1704 intentione.

609 1732 647 1773 G
657 1746 680 1772 a
692 1733 783 1773 llic
797 1745 819 1771 a
830 1747 857 1772 n
867 1746 894 1772 u
906 1747 936 1772 s.

80 1797 369 1851 Perseverent,
402 1804 562 1855 exopto.

570 1870 973 1911 Constantinus.

81 1937 338 1978 Introeamus
370 1940 411 1979 in
441 1941 649 1993 palatium,
680 1941 750 1980 ubi
779 1941 892 1993 ipsae
925 1942 1236 1980 commorantur.

604 2007 642 2049 G
655 2010 784 2049 allio
796 2022 820 2048 a
830 2023 892 2049 nu
906 2023 936 2049 s.

82 2062 303 2115 Praecede,
335 2079 495 2119 sequar.

567 2123 972 2164 Constantinus.

83 2188 203 2241 Ecce,
236 2196 456 2232 occurrunt
487 2206 577 2232 cum
608 2196 783 2245 augusta
813 2193 987 2241 Helena,
1027 2192 1107 2232 mei
1138 2193 1339 2244 genitrice
1370 2192 1456 2245 glo-

83 2261 201 2312 riosa,
235 2263 500 2315 omnibusque
531 2263 724 2301 lacrimae
755 2262 887 2300 fluunt
915 2274 1015 2314 prae
1048 2261 1209 2314 gaudio.

606 2399 937 2440 Gallicanus.

85 2466 223 2509 Vivite
255 2457 440 2519 feliciter,
474 2483 495 2510 o
527 2473 692 2509 sanctae
723 2470 919 2521 virgines,
949 2471 1271 2522 perseverantes
1311 2467 1353 2509 in
1383 2467 1461 2509 Dei

85 2537 240 2586 timore,
267 2539 473 2590 decusque
504 2539 754 2590 virginitatis
785 2539 1024 2577 inviolatum
1055 2542 1232 2588 servate,
1259 2553 1337 2591 quo
1371 2540 1457 2590 dig-

86 2618 163 2645 nae
178 2606 233 2659 47)
263 2607 526 2646 inveniamini
555 2607 814 2660 amplexibus
844 2607 957 2659 regis
989 2607 1158 2646 aeterni.

121 2715 169 2752 46)
192 2719 360 2754 possint,
381 2718 459 2755 Mg.;
481 2727 504 2748 ς,
525 2718 600 2746 ΕἰηΙ.
638 2718 687 2756 47)
708 2718 838 2755 digne,
857 2718 898 2748 M.
920 2720 952 2755 (e
972 2718 1073 2755 hiiufig
1093 2721 1235 2796 sltalstssae]
1257 2728 1286 2748 u.
1307 2719 1338 2746 C.
