1702 2939
580 225 897 269 -131—

207 341 289 381 Pcr
321 355 440 394 quam
471 344 566 381 sunt
597 343 740 381 crebro
770 343 969 382 miracula
998 346 1113 383 tanta
1143 345 1316 396 patrata,

89 409 184 450 405.
206 411 320 449 Ense
351 411 423 449 sed
455 411 631 458 inmisso,
665 414 852 450 tenerum
883 414 1027 462 guttur
1057 413 1323 464 penetrando,

205 479 404 531 Martyris
436 479 631 529 egregiae
657 479 848 530 jugulum
880 480 1058 530 persodit
1089 492 1226 528 avare,

208 547 261 585 Et
291 547 381 585 vice
414 559 625 593 conversa,
657 547 766 597 quod
796 560 876 585 non
908 549 1103 599 speravit,
1134 549 1294 599 agendo

203 615 270 653 Illi
301 615 485 667 profecit,
519 615 584 653 cui
615 614 744 665 gratis
777 616 921 653 obesse
953 616 1118 667 cupivit,

203 683 502 721 Transmittens
534 683 659 730 coelo,
701 696 820 734 quam
851 684 1056 722 subtraxit
1085 685 1191 723 male
1222 685 1382 724 mundo.

86 749 181 790 410.
207 752 285 790 Ast
315 751 395 798 ubi,
427 765 499 803 pro
532 750 693 789 Christo
724 751 839 789 letali
868 752 1041 790 vulnere
1073 753 1196 800 laesa,

203 819 447 858 Extremum
477 819 648 857 Domino
679 819 821 858 flatum
850 820 986 858 reddit
1015 821 1224 859 moriendo

202 888 338 938 Atque
369 888 448 926 fide
480 888 596 925 salva
627 887 813 937 gaudens
844 888 1088 927 obdormivit
1118 889 1160 927 in
1190 889 1272 936 illo,

202 954 325 994 Ocius
357 956 534 1006 angelici
564 959 716 1003 coetus,
750 956 799 994 de
832 956 966 994 sidere
997 956 1112 1008 lapsi,

202 1023 401 1061 Astantes
433 1024 620 1071 animam,
651 1024 771 1062 niveo
804 1024 981 1063 candore
1013 1037 1227 1063 coruscam

86 1089 181 1130 415.
201 1091 375 1130 Necnon
407 1092 597 1130 coelestis
628 1093 839 1143 perfusam
870 1092 961 1130 luce
992 1093 1148 1141 nitoris,

203 1158 364 1197 Blande
395 1159 622 1211 suscipiunt
652 1160 831 1211 laetique
861 1174 936 1212 per
967 1163 1063 1199 aera
1093 1161 1254 1208 tollunt,

202 1225 394 1277 Congrue
426 1227 586 1265 divinae
617 1228 749 1266 laudis
781 1229 1065 1267 resonantibus
1096 1229 1270 1280 hymnis,

201 1294 387 1345 Indeque
418 1298 697 1334 transvectam
729 1296 886 1334 celeres
918 1310 1042 1348 super
1073 1297 1252 1335 aetheris
1284 1297 1402 1346 ignes

201 1362 365 1401 Ducunt
396 1364 642 1413 astrigeram
674 1364 813 1414 sponsi
844 1364 1033 1402 coelestis
1065 1364 1106 1402 in
1137 1365 1283 1411 aulam,

118 1429 183 1469 20.
209 1430 246 1469 A
279 1444 355 1482 quo
388 1432 576 1470 continuo
609 1432 765 1470 clarum
796 1432 989 1470 rutilante
1023 1444 1172 1470 corona

205 1499 391 1537 Donatur
422 1512 550 1551 purae
580 1513 653 1551 pro
685 1500 934 1549 virginilzatis
967 1500 1131 1538 honore.

203 1566 291 1604 Nec
321 1567 453 1605 minus
485 1581 597 1617 ergo,
628 1567 692 1605 sui
723 1567 840 1617 signo
874 1567 1061 1606 donanda
1092 1567 1296 1618 triumphi,

206 1633 398 1686 Martyrii
430 1635 607 1686 palmam
637 1636 826 1686 sumpsit,
859 1635 945 1673 sine
978 1636 1057 1673 fine
1090 1636 1327 1685 gerendam,

208 1702 298 1746 Quo
330 1709 487 1754 martyr
520 1703 632 1750 felix,
665 1703 817 1755 duplici
848 1703 1071 1741 certamine
1102 1703 1264 1748 victrix,

92 1767 189 1808 425.
212 1768 403 1822 Corporis
436 1773 477 1809 et
507 1771 666 1818 mentis,
700 1771 812 1809 carni
844 1783 1006 1821 semper
1036 1770 1263 1817 renitentis,

204 1839 336 1879 Utens
367 1839 525 1877 aeterni
556 1839 697 1878 bravio
731 1839 890 1877 decoris
922 1838 1140 1890 duplicato,

206 1907 324 1945 Inter
354 1907 565 1958 virgineas
596 1908 778 1957 fulgeret
807 1907 918 1945 clara
950 1910 1155 1953 catervas,

207 1974 312 2013 Lilia
344 1989 429 2021 ceu,
461 1976 633 2027 pulchre
665 1988 783 2014 roseo
814 1975 1019 2027 permixta
1050 1976 1212 2023 rubore,

206 2043 323 2082 Inter
355 2044 521 2082 delicias
553 2044 699 2082 florum
728 2044 869 2081 rutilat
898 2044 1117 2082 variorum.

93 2108 189 2150 430.
215 2111 383 2150 Interea
415 2125 576 2163 quoque
608 2125 857 2150 summorum
888 2124 1006 2150 sacra
1037 2123 1136 2149 cuia
1166 2112 1384 2162 parentum

211 2178 437 2218 Excultum
466 2191 616 2229 magna
647 2180 769 2217 funus
801 2179 1039 2217 venerabile
1071 2190 1218 2230 pompa

211 2246 260 2285 In
291 2247 446 2298 gremio
478 2249 614 2285 terrae
646 2250 729 2285 toto
762 2247 945 2285 contexit
974 2246 1149 2294 honore;

214 2313 303 2353 Nec
334 2316 469 2353 saltim
499 2315 660 2354 bustum
694 2317 881 2352 sacratae
912 2314 1086 2365 virginis
1118 2314 1263 2365 ipsum,

212 2382 331 2427 Quod
363 2396 435 2435 pro
467 2383 682 2421 servandis
715 2382 852 2420 fuerat
881 2382 1119 2421 venerabile
1150 2380 1355 2428 membriS,

96 2447 192 2489 435.
216 2449 453 2490 Sollicitudo
484 2451 708 2503 parentalis
740 2451 984 2503 contempsit
1014 2450 1173 2499 amoris,

133 2582 192 2611 406.
213 2591 352 2617 amare,
372 2583 403 2610 C.
424 2593 452 2612 u.
473 2583 503 2611 S.
542 2584 601 2612 410.
624 2585 667 2611 At
688 2584 753 2618 ubi⁷
776 2581 806 2610 C.
828 2593 856 2612 u.
878 2583 908 2611 S.
948 2583 1008 2612 426.
1030 2584 1168 2610 bravio
1189 2583 1314 2617 regni.
1337 2582 1368 2609 C.
1390 2590 1418 2608 u.
1440 2579 1470 2608 S.

202 2628 263 2658 427,
288 2631 502 2664 virgineos,
524 2631 564 2656 M.
593 2639 620 2656 ιι.
642 2631 671 2656 Ρ.
711 2631 772 2658 4’3“ἰ.
796 2631 976 2664 pulchre,
999 2630 1051 2665 M.;
1083 2630 1288 2663 pulchrae,
1312 2629 1362 2660 1’.;
1395 2627 1471 2661 pul-

217 2677 322 2710 chro,
344 2676 375 2703 C.
400 2684 428 2703 u.
449 2675 478 2702 S.
522 2676 581 2703 429.
604 2676 790 2711 rutilant,
821 2676 851 2702 C.
871 2685 898 2704 u.
921 2676 951 2704 S.
988 2676 1046 2706 33¹,
1073 2676 1296 2707 excultam,
1320 2673 1362 2698 M.
1386 2681 1414 2701 u.
1439 2673 1471 2698 P.
