<?xml version="1.0" encoding="UTF-8"?>
<!DOCTYPE html PUBLIC "-//W3C//DTD XHTML 1.0 Transitional//EN"
    "http://www.w3.org/TR/xhtml1/DTD/xhtml1-transitional.dtd">
<html xmlns="http://www.w3.org/1999/xhtml" xml:lang="en" lang="en">
 <head>
  <title>
</title>
<meta http-equiv="Content-Type" content="text/html;charset=utf-8" />
  <meta name='ocr-system' content='tesseract 3.04.00' />
  <meta name='ocr-capabilities' content='ocr_page ocr_carea ocr_par ocr_line ocrx_word'/>
</head>
<body>
  <div class='ocr_page' id='page_1' title='image "./diewerke00hrotuoft/diewerke00hrotuoft_0372.png"; bbox 0 0 1702 2939; ppageno 0'>
   <div class='ocr_carea' id='block_1_1' title="bbox 771 203 1085 246">
    <p class='ocr_par' dir='ltr' id='par_1_1' title="bbox 771 203 1085 246">
     <span class='ocr_line' id='line_1_1' title="bbox 771 203 1085 246; baseline -0.003 0"><span class='ocrx_word' id='word_1_1' title='bbox 771 203 1085 246; x_wconf 82' lang='lat'>—294—</span> 
     </span>
    </p>
   </div>
   <div class='ocr_carea' id='block_1_2' title="bbox 245 318 1042 429">
    <p class='ocr_par' dir='ltr' id='par_1_2' title="bbox 245 318 1042 429">
     <span class='ocr_line' id='line_1_2' title="bbox 814 318 1042 360; baseline -0.009 0"><span class='ocrx_word' id='word_1_2' title='bbox 814 318 844 360; x_wconf 80' lang='lat' dir='ltr'>C</span> <span class='ocrx_word' id='word_1_3' title='bbox 856 332 878 359; x_wconf 85' lang='lat' dir='ltr'>a</span> <span class='ocrx_word' id='word_1_4' title='bbox 891 319 934 359; x_wconf 91' lang='lat' dir='ltr'>ri</span> <span class='ocrx_word' id='word_1_5' title='bbox 950 322 999 360; x_wconf 84' lang='lat' dir='ltr'>ta</span> <span class='ocrx_word' id='word_1_6' title='bbox 1012 333 1042 359; x_wconf 82' lang='lat' dir='ltr'>s,</span> 
     </span>
     <span class='ocr_line' id='line_1_3' title="bbox 245 375 507 429; baseline -0.004 -14"><span class='ocrx_word' id='word_1_7' title='bbox 245 375 507 429; x_wconf 80' lang='lat' dir='ltr'>Experiatur.</span> 
     </span>
    </p>
   </div>
   <div class='ocr_carea' id='block_1_3' title="bbox 827 434 947 440">
    <p class='ocr_par' dir='ltr' id='par_1_3' title="bbox 827 434 947 440">
     <span class='ocr_line' id='line_1_4' title="bbox 827 434 947 440; baseline 0 0"><span class='ocrx_word' id='word_1_8' title='bbox 827 434 947 440; x_wconf 95' lang='lat' dir='ltr'> </span> 
     </span>
    </p>
   </div>
   <div class='ocr_carea' id='block_1_4' title="bbox 244 490 1612 923">
    <p class='ocr_par' dir='ltr' id='par_1_4' title="bbox 244 490 1612 923">
     <span class='ocr_line' id='line_1_5' title="bbox 766 490 1086 531; baseline 0.003 -2"><span class='ocrx_word' id='word_1_9' title='bbox 766 490 807 530; x_wconf 81' lang='lat' dir='ltr'>H</span> <span class='ocrx_word' id='word_1_10' title='bbox 818 503 842 530; x_wconf 87' lang='lat' dir='ltr'>a</span> <span class='ocrx_word' id='word_1_11' title='bbox 854 491 878 529; x_wconf 92' lang='lat' dir='ltr'>d</span> <span class='ocrx_word' id='word_1_12' title='bbox 891 504 911 530; x_wconf 92' lang='lat' dir='ltr'>r</span> <span class='ocrx_word' id='word_1_13' title='bbox 923 491 934 530; x_wconf 94' lang='lat' dir='ltr'>i</span> <span class='ocrx_word' id='word_1_14' title='bbox 946 503 970 530; x_wconf 84' lang='lat' dir='ltr'>a</span> <span class='ocrx_word' id='word_1_15' title='bbox 981 505 1006 530; x_wconf 91' lang='lat' dir='ltr'>n</span> <span class='ocrx_word' id='word_1_16' title='bbox 1018 505 1044 531; x_wconf 94' lang='lat' dir='ltr'>u</span> <span class='ocrx_word' id='word_1_17' title='bbox 1056 505 1086 530; x_wconf 88' lang='lat' dir='ltr'>s.</span> 
     </span>
     <span class='ocr_line' id='line_1_6' title="bbox 244 558 1573 614; baseline 0.002 -16"><span class='ocrx_word' id='word_1_18' title='bbox 244 558 460 608; x_wconf 85' lang='lat' dir='ltr'>Antioche,</span> <span class='ocrx_word' id='word_1_19' title='bbox 490 559 586 612; x_wconf 89' lang='lat' dir='ltr'>quid</span> <span class='ocrx_word' id='word_1_20' title='bbox 615 559 769 613; x_wconf 80' lang='lat' dir='ltr'>pateris</span> <span class='ocrx_word' id='word_1_21' title='bbox 781 561 800 599; x_wconf 75' lang='grc' dir='ltr'><em>Ρ</em></span> <span class='ocrx_word' id='word_1_22' title='bbox 861 558 943 599; x_wconf 89' lang='lat' dir='ltr'>Cur</span> <span class='ocrx_word' id='word_1_23' title='bbox 973 560 1126 600; x_wconf 80' lang='lat' dir='ltr'>tristior</span> <span class='ocrx_word' id='word_1_24' title='bbox 1158 561 1274 602; x_wconf 92' lang='lat' dir='ltr'>solito</span> <span class='ocrx_word' id='word_1_25' title='bbox 1305 560 1540 614; x_wconf 79' lang='lat' dir='ltr'>regrederis</span> <span class='ocrx_word' id='word_1_26' title='bbox 1553 561 1573 601; x_wconf 71' lang='grc' dir='ltr'>Ρ</span> 
     </span>
     <span class='ocr_line' id='line_1_7' title="bbox 776 629 1086 669; baseline 0.003 -1"><span class='ocrx_word' id='word_1_27' title='bbox 776 629 1086 669; x_wconf 76' lang='lat' dir='ltr'><strong>Antiochus.</strong></span> 
     </span>
     <span class='ocr_line' id='line_1_8' title="bbox 246 696 1612 751; baseline 0.001 -16"><span class='ocrx_word' id='word_1_28' title='bbox 246 696 421 742; x_wconf 87' lang='lat' dir='ltr'>Quando</span> <span class='ocrx_word' id='word_1_29' title='bbox 463 709 627 736; x_wconf 85' lang='lat' dir='ltr'>causam</span> <span class='ocrx_word' id='word_1_30' title='bbox 657 697 847 737; x_wconf 82' lang='lat' dir='ltr'>tristitiae</span> <span class='ocrx_word' id='word_1_31' title='bbox 879 698 1118 751; x_wconf 81' lang='lat' dir='ltr'>experieris,</span> <span class='ocrx_word' id='word_1_32' title='bbox 1149 699 1248 739; x_wconf 89' lang='lat' dir='ltr'>haut</span> <span class='ocrx_word' id='word_1_33' title='bbox 1277 698 1409 738; x_wconf 84' lang='lat' dir='ltr'>minus</span> <span class='ocrx_word' id='word_1_34' title='bbox 1441 697 1612 738; x_wconf 82' lang='lat' dir='ltr'>contris-</span> 
     </span>
     <span class='ocr_line' id='line_1_9' title="bbox 246 764 428 818; baseline 0 -14"><span class='ocrx_word' id='word_1_35' title='bbox 246 765 357 804; x_wconf 85' lang='lat' dir='ltr'>taris.</span> <span class='ocrx_word' id='word_1_36' title='bbox 374 764 428 818; x_wconf 78' lang='lat'>⁵⁴)</span> 
     </span>
     <span class='ocr_line' id='line_1_10' title="bbox 768 822 1084 863; baseline 0.006 -2"><span class='ocrx_word' id='word_1_37' title='bbox 768 822 808 861; x_wconf 90' lang='lat' dir='ltr'>H</span> <span class='ocrx_word' id='word_1_38' title='bbox 819 836 839 862; x_wconf 82' lang='lat' dir='ltr'>a</span> <span class='ocrx_word' id='word_1_39' title='bbox 854 823 878 862; x_wconf 92' lang='lat' dir='ltr'>d</span> <span class='ocrx_word' id='word_1_40' title='bbox 889 836 909 862; x_wconf 90' lang='lat' dir='ltr'>r</span> <span class='ocrx_word' id='word_1_41' title='bbox 922 823 933 862; x_wconf 92' lang='lat' dir='ltr'>i</span> <span class='ocrx_word' id='word_1_42' title='bbox 945 835 968 863; x_wconf 84' lang='lat' dir='ltr'>a</span> <span class='ocrx_word' id='word_1_43' title='bbox 978 836 1004 863; x_wconf 90' lang='lat' dir='ltr'>n</span> <span class='ocrx_word' id='word_1_44' title='bbox 1016 837 1043 862; x_wconf 93' lang='lat' dir='ltr'>u</span> <span class='ocrx_word' id='word_1_45' title='bbox 1054 837 1084 863; x_wconf 75' lang='lat' dir='ltr'>s·</span> 
     </span>
     <span class='ocr_line' id='line_1_11' title="bbox 247 879 568 923; baseline 0 -5"><span class='ocrx_word' id='word_1_46' title='bbox 247 880 334 923; x_wconf 83' lang='lat' dir='ltr'>Dic,</span> <span class='ocrx_word' id='word_1_47' title='bbox 365 892 417 918; x_wconf 92' lang='lat' dir='ltr'>ne</span> <span class='ocrx_word' id='word_1_48' title='bbox 448 879 568 919; x_wconf 87' lang='lat' dir='ltr'>celes.</span> 
     </span>
    </p>
   </div>
   <div class='ocr_carea' id='block_1_5' title="bbox 248 937 1617 1266">
    <p class='ocr_par' dir='ltr' id='par_1_5' title="bbox 248 937 1617 1266">
     <span class='ocr_line' id='line_1_12' title="bbox 771 937 1088 977; baseline 0.003 -1"><span class='ocrx_word' id='word_1_49' title='bbox 771 937 1088 977; x_wconf 73' lang='lat' dir='ltr'>Antiochus,</span> 
     </span>
     <span class='ocr_line' id='line_1_13' title="bbox 249 1005 1617 1059; baseline 0 -15"><span class='ocrx_word' id='word_1_50' title='bbox 249 1005 328 1044; x_wconf 84' lang='lat' dir='ltr'>Illa</span> <span class='ocrx_word' id='word_1_51' title='bbox 372 1006 538 1054; x_wconf 79' lang='lat' dir='ltr'>lasciva,</span> <span class='ocrx_word' id='word_1_52' title='bbox 585 1018 705 1058; x_wconf 87' lang='lat' dir='ltr'>quam</span> <span class='ocrx_word' id='word_1_53' title='bbox 746 1006 842 1045; x_wconf 87' lang='lat' dir='ltr'>mihi</span> <span class='ocrx_word' id='word_1_54' title='bbox 884 1007 1141 1046; x_wconf 64' lang='lat' dir='ltr'>cruciandam</span> <span class='ocrx_word' id='word_1_55' title='bbox 1183 1006 1396 1056; x_wconf 79' lang='lat' dir='ltr'>tradidisti,</span> <span class='ocrx_word' id='word_1_56' title='bbox 1434 1005 1617 1059; x_wconf 84' lang='lat' dir='ltr'>puellula</span> 
     </span>
     <span class='ocr_line' id='line_1_14' title="bbox 248 1074 1616 1128; baseline 0.001 -16"><span class='ocrx_word' id='word_1_57' title='bbox 248 1087 312 1113; x_wconf 82' lang='lat' dir='ltr'>me</span> <span class='ocrx_word' id='word_1_58' title='bbox 343 1077 563 1127; x_wconf 76' lang='lat' dir='ltr'>praesente</span> <span class='ocrx_word' id='word_1_59' title='bbox 594 1075 891 1125; x_wconf 77' lang='lat' dir='ltr'>flagellabatur,</span> <span class='ocrx_word' id='word_1_60' title='bbox 923 1075 994 1113; x_wconf 84' lang='lat' dir='ltr'>sed</span> <span class='ocrx_word' id='word_1_61' title='bbox 1036 1089 1087 1114; x_wconf 85' lang='lat' dir='ltr'>ne</span> <span class='ocrx_word' id='word_1_62' title='bbox 1125 1076 1260 1115; x_wconf 84' lang='lat' dir='ltr'>tenuis</span> <span class='ocrx_word' id='word_1_63' title='bbox 1306 1075 1468 1128; x_wconf 90' lang='lat' dir='ltr'>quidem</span> <span class='ocrx_word' id='word_1_64' title='bbox 1513 1074 1616 1114; x_wconf 86' lang='lat' dir='ltr'>eutis</span> 
     </span>
     <span class='ocr_line' id='line_1_15' title="bbox 249 1143 1616 1196; baseline 0.001 -15"><span class='ocrx_word' id='word_1_65' title='bbox 249 1147 526 1182; x_wconf 74' lang='lat' dir='ltr'>summotonus</span> <span class='ocrx_word' id='word_1_66' title='bbox 558 1144 898 1196; x_wconf 67' lang='lat' dir='ltr'>disrumpebatur.</span> <span class='ocrx_word' id='word_1_67' title='bbox 957 1144 1115 1183; x_wconf 82' lang='lat' dir='ltr'>Deinde</span> <span class='ocrx_word' id='word_1_68' title='bbox 1143 1145 1293 1196; x_wconf 85' lang='lat' dir='ltr'>projeci</span> <span class='ocrx_word' id='word_1_69' title='bbox 1325 1145 1434 1183; x_wconf 88' lang='lat' dir='ltr'>illam</span> <span class='ocrx_word' id='word_1_70' title='bbox 1464 1143 1505 1182; x_wconf 91' lang='lat' dir='ltr'>in</span> <span class='ocrx_word' id='word_1_71' title='bbox 1535 1143 1616 1183; x_wconf 83' lang='lat' dir='ltr'>for-</span> 
     </span>
     <span class='ocr_line' id='line_1_16' title="bbox 248 1212 1614 1266; baseline 0.001 -17"><span class='ocrx_word' id='word_1_72' title='bbox 248 1224 400 1259; x_wconf 78' lang='lat' dir='ltr'>nacem,</span> <span class='ocrx_word' id='word_1_73' title='bbox 428 1212 591 1263; x_wconf 84' lang='lat' dir='ltr'>igneum</span> <span class='ocrx_word' id='word_1_74' title='bbox 625 1212 799 1250; x_wconf 81' lang='lat' dir='ltr'>colorem</span> <span class='ocrx_word' id='word_1_75' title='bbox 831 1225 928 1264; x_wconf 83' lang='lat' dir='ltr'>prae</span> <span class='ocrx_word' id='word_1_76' title='bbox 969 1213 1088 1252; x_wconf 83' lang='lat' dir='ltr'>nimio</span> <span class='ocrx_word' id='word_1_77' title='bbox 1128 1213 1273 1252; x_wconf 86' lang='lat' dir='ltr'>ardore</span> <span class='ocrx_word' id='word_1_78' title='bbox 1306 1213 1614 1266; x_wconf 80' lang='lat' dir='ltr'>exprimentem.</span> 
     </span>
    </p>
   </div>
   <div class='ocr_carea' id='block_1_6' title="bbox 249 1291 1621 2192">
    <p class='ocr_par' dir='ltr' id='par_1_6' title="bbox 249 1291 1621 2192">
     <span class='ocr_line' id='line_1_17' title="bbox 776 1291 1094 1331; baseline 0.003 -1"><span class='ocrx_word' id='word_1_79' title='bbox 776 1291 1094 1331; x_wconf 69' lang='lat' dir='ltr'>Hadrianus,</span> 
     </span>
     <span class='ocr_line' id='line_1_18' title="bbox 250 1358 1257 1414; baseline 0.001 -15"><span class='ocrx_word' id='word_1_80' title='bbox 250 1358 331 1399; x_wconf 88' lang='lat' dir='ltr'>Cur</span> <span class='ocrx_word' id='word_1_81' title='bbox 362 1360 592 1398; x_wconf 71' lang='lat' dir='ltr'>dissimulas</span> <span class='ocrx_word' id='word_1_82' title='bbox 625 1360 764 1412; x_wconf 78' lang='lat' dir='ltr'>loqui?</span> <span class='ocrx_word' id='word_1_83' title='bbox 796 1361 969 1414; x_wconf 82' lang='lat' dir='ltr'>Expone</span> <span class='ocrx_word' id='word_1_84' title='bbox 1001 1361 1156 1400; x_wconf 84' lang='lat' dir='ltr'>exitum</span> <span class='ocrx_word' id='word_1_85' title='bbox 1186 1360 1257 1400; x_wconf 87' lang='lat' dir='ltr'>rei.</span> 
     </span>
     <span class='ocr_line' id='line_1_19' title="bbox 771 1429 1080 1469; baseline 0 -1"><span class='ocrx_word' id='word_1_86' title='bbox 771 1429 1080 1469; x_wconf 76' lang='lat' dir='ltr'>Antiochus.</span> 
     </span>
     <span class='ocr_line' id='line_1_20' title="bbox 250 1497 1516 1550; baseline 0 -14"><span class='ocrx_word' id='word_1_87' title='bbox 250 1497 434 1536; x_wconf 85' lang='lat' dir='ltr'>Flamma</span> <span class='ocrx_word' id='word_1_88' title='bbox 465 1497 601 1550; x_wconf 84' lang='lat' dir='ltr'>erupit</span> <span class='ocrx_word' id='word_1_89' title='bbox 631 1499 672 1537; x_wconf 89' lang='lat' dir='ltr'>et</span> <span class='ocrx_word' id='word_1_90' title='bbox 702 1498 880 1550; x_wconf 91' lang='lat' dir='ltr'>quinque</span> <span class='ocrx_word' id='word_1_91' title='bbox 910 1498 1021 1537; x_wconf 82' lang='lat' dir='ltr'>milia</span> <span class='ocrx_word' id='word_1_92' title='bbox 1051 1497 1256 1537; x_wconf 89' lang='lat' dir='ltr'>hominum</span> <span class='ocrx_word' id='word_1_93' title='bbox 1287 1497 1516 1537; x_wconf 84' lang='lat' dir='ltr'>combussit.</span> 
     </span>
     <span class='ocr_line' id='line_1_21' title="bbox 779 1566 1096 1607; baseline -0.006 -1"><span class='ocrx_word' id='word_1_94' title='bbox 779 1566 1096 1607; x_wconf 84' lang='lat' dir='ltr'>Hadrianus,</span> 
     </span>
     <span class='ocr_line' id='line_1_22' title="bbox 249 1635 752 1689; baseline 0.002 -14"><span class='ocrx_word' id='word_1_95' title='bbox 249 1635 305 1676; x_wconf 89' lang='lat' dir='ltr'>Et</span> <span class='ocrx_word' id='word_1_96' title='bbox 335 1637 431 1689; x_wconf 88' lang='lat' dir='ltr'>quid</span> <span class='ocrx_word' id='word_1_97' title='bbox 463 1636 633 1689; x_wconf 86' lang='lat' dir='ltr'>contigit</span> <span class='ocrx_word' id='word_1_98' title='bbox 661 1636 752 1676; x_wconf 82' lang='lat' dir='ltr'>illi?</span> 
     </span>
     <span class='ocr_line' id='line_1_23' title="bbox 781 1705 1093 1744; baseline 0 0"><span class='ocrx_word' id='word_1_99' title='bbox 781 1705 1093 1744; x_wconf 78' lang='lat' dir='ltr'>Antiochus,</span> 
     </span>
     <span class='ocr_line' id='line_1_24' title="bbox 251 1759 452 1802; baseline 0 0"><span class='ocrx_word' id='word_1_100' title='bbox 251 1759 452 1802; x_wconf 83' lang='lat' dir='ltr'>Caritati?</span> 
     </span>
     <span class='ocr_line' id='line_1_25' title="bbox 780 1818 1102 1858; baseline 0 0"><span class='ocrx_word' id='word_1_101' title='bbox 780 1818 1102 1858; x_wconf 84' lang='lat' dir='ltr'>Hadrianus.</span> 
     </span>
     <span class='ocr_line' id='line_1_26' title="bbox 250 1875 348 1929; baseline 0.01 -15"><span class='ocrx_word' id='word_1_102' title='bbox 250 1875 348 1929; x_wconf 83' lang='lat' dir='ltr'>Ipsi.</span> 
     </span>
     <span class='ocr_line' id='line_1_27' title="bbox 784 1932 1086 1972; baseline -0.007 0"><span class='ocrx_word' id='word_1_103' title='bbox 784 1932 1086 1972; x_wconf 61' lang='lat' dir='ltr'>Antiochus</span> 
     </span>
     <span class='ocr_line' id='line_1_28' title="bbox 251 1999 1621 2054; baseline -0.003 -13"><span class='ocrx_word' id='word_1_104' title='bbox 251 2001 416 2042; x_wconf 83' lang='lat' dir='ltr'>Ludens</span> <span class='ocrx_word' id='word_1_105' title='bbox 468 2001 574 2041; x_wconf 80' lang='lat' dir='ltr'>inter</span> <span class='ocrx_word' id='word_1_106' title='bbox 618 2001 907 2041; x_wconf 88' lang='lat' dir='ltr'>flammivomos</span> <span class='ocrx_word' id='word_1_107' title='bbox 951 2014 1127 2054; x_wconf 76' lang='lat' dir='ltr'>vapores</span> <span class='ocrx_word' id='word_1_108' title='bbox 1171 2002 1351 2054; x_wconf 85' lang='lat' dir='ltr'>vagabat</span> <span class='ocrx_word' id='word_1_109' title='bbox 1365 2000 1417 2053; x_wconf 85' lang='lat'>⁵⁵)</span> <span class='ocrx_word' id='word_1_110' title='bbox 1464 2001 1506 2040; x_wconf 87' lang='lat' dir='ltr'>et</span> <span class='ocrx_word' id='word_1_111' title='bbox 1550 1999 1621 2038; x_wconf 90' lang='lat' dir='ltr'>illa</span> 
     </span>
     <span class='ocr_line' id='line_1_29' title="bbox 251 2067 1619 2123; baseline -0.002 -13"><span class='ocrx_word' id='word_1_112' title='bbox 251 2071 396 2110; x_wconf 87' lang='lat' dir='ltr'>laudes</span> <span class='ocrx_word' id='word_1_113' title='bbox 428 2071 513 2110; x_wconf 91' lang='lat' dir='ltr'>Deo</span> <span class='ocrx_word' id='word_1_114' title='bbox 555 2084 627 2110; x_wconf 79' lang='lat' dir='ltr'>suo</span> <span class='ocrx_word' id='word_1_115' title='bbox 667 2070 884 2123; x_wconf 81' lang='lat' dir='ltr'>pangebat.</span> <span class='ocrx_word' id='word_1_116' title='bbox 943 2069 1008 2108; x_wconf 90' lang='lat' dir='ltr'>Illi</span> <span class='ocrx_word' id='word_1_117' title='bbox 1041 2070 1173 2118; x_wconf 80' lang='lat' dir='ltr'>etiam,</span> <span class='ocrx_word' id='word_1_118' title='bbox 1215 2070 1282 2122; x_wconf 85' lang='lat' dir='ltr'>qui</span> <span class='ocrx_word' id='word_1_119' title='bbox 1312 2069 1531 2120; x_wconf 83' lang='lat' dir='ltr'>diligenter</span> <span class='ocrx_word' id='word_1_120' title='bbox 1560 2067 1619 2106; x_wconf 90' lang='lat' dir='ltr'>in-</span> 
     </span>
     <span class='ocr_line' id='line_1_30' title="bbox 254 2136 1615 2192; baseline -0.002 -14"><span class='ocrx_word' id='word_1_121' title='bbox 254 2152 445 2192; x_wconf 83' lang='lat' dir='ltr'>spexere,</span> <span class='ocrx_word' id='word_1_122' title='bbox 485 2139 684 2187; x_wconf 86' lang='lat' dir='ltr'>ferebant,</span> <span class='ocrx_word' id='word_1_123' title='bbox 725 2142 811 2178; x_wconf 87' lang='lat' dir='ltr'>tres</span> <span class='ocrx_word' id='word_1_124' title='bbox 852 2138 1088 2178; x_wconf 85' lang='lat' dir='ltr'>candidulos</span> <span class='ocrx_word' id='word_1_125' title='bbox 1118 2138 1230 2178; x_wconf 75' lang='lat' dir='ltr'>viros</span> <span class='ocrx_word' id='word_1_126' title='bbox 1261 2151 1352 2178; x_wconf 91' lang='lat' dir='ltr'>eum</span> <span class='ocrx_word' id='word_1_127' title='bbox 1381 2137 1451 2176; x_wconf 85' lang='lat' dir='ltr'>illa</span> <span class='ocrx_word' id='word_1_128' title='bbox 1481 2136 1615 2176; x_wconf 88' lang='lat' dir='ltr'>deam-</span> 
     </span>
    </p>
   </div>
   <div class='ocr_carea' id='block_1_7' title="bbox 252 2209 1091 2304">
    <p class='ocr_par' dir='ltr' id='par_1_7' title="bbox 252 2209 1091 2304">
     <span class='ocr_line' id='line_1_31' title="bbox 252 2209 430 2249; baseline -0.011 0"><span class='ocrx_word' id='word_1_129' title='bbox 252 2209 430 2249; x_wconf 86' lang='lat' dir='ltr'>bulasse.</span> 
     </span>
     <span class='ocr_line' id='line_1_32' title="bbox 783 2263 1091 2304; baseline 0 -1"><span class='ocrx_word' id='word_1_130' title='bbox 783 2263 855 2303; x_wconf 86' lang='lat' dir='ltr'>Ha</span> <span class='ocrx_word' id='word_1_131' title='bbox 866 2265 890 2303; x_wconf 93' lang='lat' dir='ltr'>d</span> <span class='ocrx_word' id='word_1_132' title='bbox 902 2277 922 2303; x_wconf 93' lang='lat' dir='ltr'>r</span> <span class='ocrx_word' id='word_1_133' title='bbox 932 2264 943 2303; x_wconf 92' lang='lat' dir='ltr'>i</span> <span class='ocrx_word' id='word_1_134' title='bbox 955 2276 978 2303; x_wconf 87' lang='lat' dir='ltr'>a</span> <span class='ocrx_word' id='word_1_135' title='bbox 988 2277 1013 2303; x_wconf 92' lang='lat' dir='ltr'>n</span> <span class='ocrx_word' id='word_1_136' title='bbox 1024 2278 1050 2304; x_wconf 91' lang='lat' dir='ltr'>u</span> <span class='ocrx_word' id='word_1_137' title='bbox 1061 2277 1091 2303; x_wconf 86' lang='lat' dir='ltr'>s.</span> 
     </span>
    </p>
   </div>
   <div class='ocr_carea' id='block_1_8' title="bbox 253 2329 1621 2526">
    <p class='ocr_par' dir='ltr' id='par_1_8' title="bbox 253 2329 1621 2526">
     <span class='ocr_line' id='line_1_33' title="bbox 253 2329 1621 2385; baseline -0.004 -10"><span class='ocrx_word' id='word_1_138' title='bbox 253 2334 463 2375; x_wconf 85' lang='lat' dir='ltr'>Erubesce</span> <span class='ocrx_word' id='word_1_139' title='bbox 500 2335 610 2374; x_wconf 90' lang='lat' dir='ltr'>illam</span> <span class='ocrx_word' id='word_1_140' title='bbox 651 2334 762 2374; x_wconf 86' lang='lat' dir='ltr'>ultra</span> <span class='ocrx_word' id='word_1_141' title='bbox 801 2333 956 2382; x_wconf 80' lang='lat' dir='ltr'>videre,</span> <span class='ocrx_word' id='word_1_142' title='bbox 989 2333 1082 2385; x_wconf 88' lang='lat' dir='ltr'>quia</span> <span class='ocrx_word' id='word_1_143' title='bbox 1112 2345 1271 2385; x_wconf 88' lang='lat' dir='ltr'>nequeo</span> <span class='ocrx_word' id='word_1_144' title='bbox 1302 2331 1412 2371; x_wconf 87' lang='lat' dir='ltr'>illam</span> <span class='ocrx_word' id='word_1_145' title='bbox 1442 2329 1621 2379; x_wconf 69' lang='lat' dir='ltr'>laedere,</span> 
     </span>
     <span class='ocr_line' id='line_1_34' title="bbox 778 2401 1087 2443; baseline -0.006 0"><span class='ocrx_word' id='word_1_146' title='bbox 778 2401 1087 2443; x_wconf 87' lang='lat' dir='ltr'>Antiochus.</span> 
     </span>
     <span class='ocr_line' id='line_1_35' title="bbox 253 2471 918 2526; baseline -0.005 -13"><span class='ocrx_word' id='word_1_147' title='bbox 253 2473 412 2522; x_wconf 79' lang='lat' dir='ltr'>Restat,</span> <span class='ocrx_word' id='word_1_148' title='bbox 443 2475 490 2514; x_wconf 90' lang='lat' dir='ltr'>ut</span> <span class='ocrx_word' id='word_1_149' title='bbox 518 2472 741 2526; x_wconf 85' lang='lat' dir='ltr'>perimatur</span> <span class='ocrx_word' id='word_1_150' title='bbox 771 2471 918 2524; x_wconf 84' lang='lat' dir='ltr'>gladio.</span> 
     </span>
    </p>
   </div>
   <div class='ocr_carea' id='block_1_9' title="bbox 254 2577 491 2582">
    <p class='ocr_par' dir='ltr' id='par_1_9' title="bbox 254 2577 491 2582">
     <span class='ocr_line' id='line_1_36' title="bbox 254 2577 491 2582; baseline 0 0"><span class='ocrx_word' id='word_1_151' title='bbox 254 2577 491 2582; x_wconf 95' lang='lat' dir='ltr'> </span> 
     </span>
    </p>
   </div>
   <div class='ocr_carea' id='block_1_10' title="bbox 288 2622 1624 2719">
    <p class='ocr_par' dir='ltr' id='par_1_10' title="bbox 288 2622 1624 2719">
     <span class='ocr_line' id='line_1_37' title="bbox 288 2622 1624 2667; baseline -0.008 -8"><span class='ocrx_word' id='word_1_152' title='bbox 288 2632 338 2667; x_wconf 63' lang='lat'>54)</span> <span class='ocrx_word' id='word_1_153' title='bbox 358 2631 398 2657; x_wconf 81' lang='lat' dir='ltr'>So</span> <span class='ocrx_word' id='word_1_154' title='bbox 416 2631 476 2667; x_wconf 80' lang='lat' dir='ltr'>M.;</span> <span class='ocrx_word' id='word_1_155' title='bbox 503 2630 780 2663; x_wconf 71' lang='lat' dir='ltr'>contristeris,</span> <span class='ocrx_word' id='word_1_156' title='bbox 802 2629 843 2663; x_wconf 86' lang='lat' dir='ltr'>C.,</span> <span class='ocrx_word' id='word_1_157' title='bbox 865 2628 895 2656; x_wconf 88' lang='lat' dir='ltr'>S.</span> <span class='ocrx_word' id='word_1_158' title='bbox 917 2637 946 2656; x_wconf 85' lang='grc' dir='ltr'>ιι.</span> <span class='ocrx_word' id='word_1_159' title='bbox 967 2628 1026 2663; x_wconf 80' lang='lat' dir='ltr'>Mg.</span> <span class='ocrx_word' id='word_1_160' title='bbox 1063 2629 1114 2662; x_wconf 78' lang='lat'>55)</span> <span class='ocrx_word' id='word_1_161' title='bbox 1137 2626 1368 2661; x_wconf 80' lang='lat' dir='ltr'>vagabatur,</span> <span class='ocrx_word' id='word_1_162' title='bbox 1389 2624 1432 2658; x_wconf 75' lang='grc'>(3,,</span> <span class='ocrx_word' id='word_1_163' title='bbox 1454 2623 1485 2652; x_wconf 87' lang='lat' dir='ltr'>S.</span> <span class='ocrx_word' id='word_1_164' title='bbox 1505 2631 1534 2650; x_wconf 89' lang='lat' dir='ltr'>u.</span> <span class='ocrx_word' id='word_1_165' title='bbox 1554 2622 1624 2657; x_wconf 84' lang='lat' dir='ltr'>Mg.,</span> 
     </span>
     <span class='ocr_line' id='line_1_38' title="bbox 358 2673 1275 2719; baseline -0.008 -15"><span class='ocrx_word' id='word_1_166' title='bbox 358 2678 403 2704; x_wconf 80' lang='lat' dir='ltr'>die</span> <span class='ocrx_word' id='word_1_167' title='bbox 424 2678 581 2719; x_wconf 40' lang='lat' dir='ltr'>Correc&#39;tur</span> <span class='ocrx_word' id='word_1_168' title='bbox 601 2677 628 2703; x_wconf 84' lang='lat' dir='ltr'>in</span> <span class='ocrx_word' id='word_1_169' title='bbox 650 2677 861 2711; x_wconf 78' lang='lat' dir='ltr'>vagabatur</span> <span class='ocrx_word' id='word_1_170' title='bbox 881 2676 918 2701; x_wconf 74' lang='lat' dir='ltr'>ist</span> <span class='ocrx_word' id='word_1_171' title='bbox 942 2682 998 2700; x_wconf 88' lang='lat' dir='ltr'>von</span> <span class='ocrx_word' id='word_1_172' title='bbox 1019 2673 1127 2701; x_wconf 78' lang='lat' dir='ltr'>Celtes.</span> <span class='ocrx_word' id='word_1_173' title='bbox 1151 2673 1275 2707; x_wconf 66' lang='lat' dir='ltr'>(Rem.)</span> 
     </span>
    </p>
   </div>
  </div>
 </body>
</html>
