<?xml version="1.0" encoding="UTF-8"?>
<!DOCTYPE html PUBLIC "-//W3C//DTD XHTML 1.0 Transitional//EN"
    "http://www.w3.org/TR/xhtml1/DTD/xhtml1-transitional.dtd">
<html xmlns="http://www.w3.org/1999/xhtml" xml:lang="en" lang="en">
 <head>
  <title>
</title>
<meta http-equiv="Content-Type" content="text/html;charset=utf-8" />
  <meta name='ocr-system' content='tesseract 3.04.00' />
  <meta name='ocr-capabilities' content='ocr_page ocr_carea ocr_par ocr_line ocrx_word'/>
</head>
<body>
  <div class='ocr_page' id='page_1' title='image "./diewerke00hrotuoft_0318.png"; bbox 0 0 1702 2939; ppageno 0'>
   <div class='ocr_carea' id='block_1_1' title="bbox 819 220 1132 265">
    <p class='ocr_par' dir='ltr' id='par_1_1' title="bbox 819 220 1132 265">
     <span class='ocr_line' id='line_1_1' title="bbox 819 220 1132 265; baseline 0 0"><span class='ocrx_word' id='word_1_1' title='bbox 819 220 1132 265; x_wconf 66' lang='lat'>—2-10-</span> 
     </span>
    </p>
   </div>
   <div class='ocr_carea' id='block_1_2' title="bbox 265 339 1648 462">
    <p class='ocr_par' dir='ltr' id='par_1_2' title="bbox 265 339 1648 462">
     <span class='ocr_line' id='line_1_2' title="bbox 289 339 1648 394; baseline 0.001 -14"><span class='ocrx_word' id='word_1_2' title='bbox 289 341 394 394; x_wconf 85' lang='lat' dir='ltr'>quod</span> <span class='ocrx_word' id='word_1_3' title='bbox 436 340 524 393; x_wconf 74' lang='lat' dir='ltr'>ejus</span> <span class='ocrx_word' id='word_1_4' title='bbox 568 339 761 393; x_wconf 82' lang='lat' dir='ltr'>imperio,</span> <span class='ocrx_word' id='word_1_5' title='bbox 806 341 921 393; x_wconf 87' lang='lat' dir='ltr'>cujus</span> <span class='ocrx_word' id='word_1_6' title='bbox 966 340 1253 392; x_wconf 76' lang='lat' dir='ltr'>gubernaculis</span> <span class='ocrx_word' id='word_1_7' title='bbox 1298 341 1425 393; x_wconf 89' lang='lat' dir='ltr'>major</span> <span class='ocrx_word' id='word_1_8' title='bbox 1470 339 1648 381; x_wconf 89' lang='lat' dir='ltr'>mundus</span> 
     </span>
     <span class='ocr_line' id='line_1_3' title="bbox 265 409 1534 462; baseline 0 -13"><span class='ocrx_word' id='word_1_9' title='bbox 265 432 267 434; x_wconf 89' lang='lat'>·</span> <span class='ocrx_word' id='word_1_10' title='bbox 291 412 621 462; x_wconf 83' lang='lat' dir='ltr'>obtemperanter</span> <span class='ocrx_word' id='word_1_11' title='bbox 651 410 847 456; x_wconf 83' lang='lat' dir='ltr'>subditur,</span> <span class='ocrx_word' id='word_1_12' title='bbox 879 409 990 448; x_wconf 84' lang='lat' dir='ltr'>solus</span> <span class='ocrx_word' id='word_1_13' title='bbox 1019 409 1148 449; x_wconf 89' lang='lat' dir='ltr'>minor</span> <span class='ocrx_word' id='word_1_14' title='bbox 1179 410 1534 450; x_wconf 81' lang='lat' dir='ltr'>contraluctetur?</span> 
     </span>
    </p>
   </div>
   <div class='ocr_carea' id='block_1_3' title="bbox 290 489 1226 2078">
    <p class='ocr_par' dir='ltr' id='par_1_3' title="bbox 290 489 1226 2078">
     <span class='ocr_line' id='line_1_4' title="bbox 836 489 1108 542; baseline 0.004 -15"><span class='ocrx_word' id='word_1_15' title='bbox 836 489 1108 542; x_wconf 76' lang='lat' dir='ltr'>Discipuli.</span> 
     </span>
     <span class='ocr_line' id='line_1_5' title="bbox 291 558 884 604; baseline -0.002 -7"><span class='ocrx_word' id='word_1_16' title='bbox 291 559 393 604; x_wconf 88' lang='lat' dir='ltr'>Quis</span> <span class='ocrx_word' id='word_1_17' title='bbox 425 561 490 598; x_wconf 86' lang='lat' dir='ltr'>est</span> <span class='ocrx_word' id='word_1_18' title='bbox 519 558 648 598; x_wconf 90' lang='lat' dir='ltr'>minor</span> <span class='ocrx_word' id='word_1_19' title='bbox 678 558 884 598; x_wconf 80' lang='lat' dir='ltr'>mundus?</span> 
     </span>
     <span class='ocr_line' id='line_1_6' title="bbox 801 625 1150 678; baseline -0.003 -12"><span class='ocrx_word' id='word_1_20' title='bbox 801 625 1150 678; x_wconf 80' lang='lat' dir='ltr'>Paphnutius.</span> 
     </span>
     <span class='ocr_line' id='line_1_7' title="bbox 290 681 434 723; baseline 0.007 -1"><span class='ocrx_word' id='word_1_21' title='bbox 290 681 434 723; x_wconf 85' lang='lat' dir='ltr'>Homo.</span> 
     </span>
     <span class='ocr_line' id='line_1_8' title="bbox 836 739 1107 792; baseline -0.004 -13"><span class='ocrx_word' id='word_1_22' title='bbox 836 739 1107 792; x_wconf 85' lang='lat' dir='ltr'>Discipuli.</span> 
     </span>
     <span class='ocr_line' id='line_1_9' title="bbox 293 795 457 836; baseline 0 0"><span class='ocrx_word' id='word_1_23' title='bbox 293 795 457 836; x_wconf 80' lang='lat' dir='ltr'>Homo?</span> 
     </span>
     <span class='ocr_line' id='line_1_10' title="bbox 798 853 1148 906; baseline -0.003 -13"><span class='ocrx_word' id='word_1_24' title='bbox 798 853 1148 906; x_wconf 74' lang='lat' dir='ltr'>Paphnutius,</span> 
     </span>
     <span class='ocr_line' id='line_1_11' title="bbox 292 910 430 951; baseline 0 -1"><span class='ocrx_word' id='word_1_25' title='bbox 292 910 430 951; x_wconf 90' lang='lat' dir='ltr'>Porro.</span> 
     </span>
     <span class='ocr_line' id='line_1_12' title="bbox 837 967 1111 1020; baseline 0.004 -14"><span class='ocrx_word' id='word_1_26' title='bbox 837 967 1111 1020; x_wconf 84' lang='lat' dir='ltr'>Discipuli.</span> 
     </span>
     <span class='ocr_line' id='line_1_13' title="bbox 299 1025 614 1076; baseline 0 -12"><span class='ocrx_word' id='word_1_27' title='bbox 299 1025 379 1070; x_wconf 86' lang='lat' dir='ltr'>Qui</span> <span class='ocrx_word' id='word_1_28' title='bbox 397 1025 434 1076; x_wconf 80' lang='lat'>⁵)</span> <span class='ocrx_word' id='word_1_29' title='bbox 464 1025 614 1065; x_wconf 78' lang='lat' dir='ltr'>homo?</span> 
     </span>
     <span class='ocr_line' id='line_1_14' title="bbox 799 1081 1148 1134; baseline 0 -14"><span class='ocrx_word' id='word_1_30' title='bbox 799 1081 1148 1134; x_wconf 80' lang='lat' dir='ltr'>Paphnutius.</span> 
     </span>
     <span class='ocr_line' id='line_1_15' title="bbox 295 1137 446 1178; baseline -0.007 0"><span class='ocrx_word' id='word_1_31' title='bbox 295 1137 446 1178; x_wconf 91' lang='lat' dir='ltr'>Omnis.</span> 
     </span>
     <span class='ocr_line' id='line_1_16' title="bbox 842 1195 1118 1248; baseline 0 -14"><span class='ocrx_word' id='word_1_32' title='bbox 842 1195 1118 1248; x_wconf 88' lang='lat' dir='ltr'>Discipuli.</span> 
     </span>
     <span class='ocr_line' id='line_1_17' title="bbox 296 1252 692 1306; baseline -0.003 -13"><span class='ocrx_word' id='word_1_33' title='bbox 296 1253 377 1299; x_wconf 76' lang='lat' dir='ltr'>Qui</span> <span class='ocrx_word' id='word_1_34' title='bbox 407 1256 545 1306; x_wconf 89' lang='lat' dir='ltr'>potest</span> <span class='ocrx_word' id='word_1_35' title='bbox 574 1252 692 1292; x_wconf 82' lang='lat' dir='ltr'>fieri?</span> 
     </span>
     <span class='ocr_line' id='line_1_18' title="bbox 808 1309 1156 1362; baseline 0 -14"><span class='ocrx_word' id='word_1_36' title='bbox 808 1309 1156 1362; x_wconf 83' lang='lat' dir='ltr'>Paphnutius.</span> 
     </span>
     <span class='ocr_line' id='line_1_19' title="bbox 296 1365 762 1420; baseline -0.009 -11"><span class='ocrx_word' id='word_1_37' title='bbox 296 1367 352 1409; x_wconf 82' lang='lat' dir='ltr'>Ut</span> <span class='ocrx_word' id='word_1_38' title='bbox 382 1367 536 1420; x_wconf 81' lang='lat' dir='ltr'>placuit</span> <span class='ocrx_word' id='word_1_39' title='bbox 566 1365 762 1406; x_wconf 84' lang='lat' dir='ltr'>Creatori.</span> 
     </span>
     <span class='ocr_line' id='line_1_20' title="bbox 846 1422 1124 1476; baseline 0.004 -15"><span class='ocrx_word' id='word_1_40' title='bbox 846 1422 1124 1476; x_wconf 87' lang='lat' dir='ltr'>Discipuli.</span> 
     </span>
     <span class='ocr_line' id='line_1_21' title="bbox 295 1481 608 1534; baseline -0.006 -13"><span class='ocrx_word' id='word_1_41' title='bbox 295 1481 387 1521; x_wconf 74' lang='lat' dir='ltr'>Non</span> <span class='ocrx_word' id='word_1_42' title='bbox 418 1481 608 1534; x_wconf 85' lang='lat' dir='ltr'>sapimus.</span> 
     </span>
     <span class='ocr_line' id='line_1_22' title="bbox 803 1536 1157 1588; baseline 0 -13"><span class='ocrx_word' id='word_1_43' title='bbox 803 1536 1157 1588; x_wconf 87' lang='lat' dir='ltr'>Paphnutius.</span> 
     </span>
     <span class='ocr_line' id='line_1_23' title="bbox 295 1605 980 1659; baseline -0.006 -12"><span class='ocrx_word' id='word_1_44' title='bbox 295 1605 385 1647; x_wconf 73' lang='lat' dir='ltr'>&#39;Non</span> <span class='ocrx_word' id='word_1_45' title='bbox 415 1606 576 1647; x_wconf 71' lang='lat' dir='ltr'>obvium</span> <span class='ocrx_word' id='word_1_46' title='bbox 608 1608 671 1646; x_wconf 87' lang='lat' dir='ltr'>est</span> <span class='ocrx_word' id='word_1_47' title='bbox 708 1605 980 1659; x_wconf 80' lang='lat' dir='ltr'>perpluribus.</span> 
     </span>
     <span class='ocr_line' id='line_1_24' title="bbox 845 1673 1130 1726; baseline 0 -14"><span class='ocrx_word' id='word_1_48' title='bbox 845 1673 1130 1726; x_wconf 84' lang='lat' dir='ltr'>Discipuli.</span> 
     </span>
     <span class='ocr_line' id='line_1_25' title="bbox 296 1731 482 1787; baseline -0.005 -14"><span class='ocrx_word' id='word_1_49' title='bbox 296 1731 482 1787; x_wconf 82' lang='lat' dir='ltr'>Expone.</span> 
     </span>
     <span class='ocr_line' id='line_1_26' title="bbox 806 1787 1160 1841; baseline -0.006 -13"><span class='ocrx_word' id='word_1_50' title='bbox 806 1787 1160 1841; x_wconf 86' lang='lat' dir='ltr'>Paphnutius.</span> 
     </span>
     <span class='ocr_line' id='line_1_27' title="bbox 296 1846 516 1887; baseline -0.009 0"><span class='ocrx_word' id='word_1_51' title='bbox 296 1846 516 1887; x_wconf 89' lang='lat' dir='ltr'>Intendite.</span> 
     </span>
     <span class='ocr_line' id='line_1_28' title="bbox 845 1901 1117 1954; baseline -0.004 -14"><span class='ocrx_word' id='word_1_52' title='bbox 845 1901 1117 1954; x_wconf 88' lang='lat' dir='ltr'>Discipuli.</span> 
     </span>
     <span class='ocr_line' id='line_1_29' title="bbox 296 1961 752 2013; baseline -0.007 -13"><span class='ocrx_word' id='word_1_53' title='bbox 296 1961 359 2000; x_wconf 88' lang='lat' dir='ltr'>Ac</span> <span class='ocrx_word' id='word_1_54' title='bbox 389 1962 576 2013; x_wconf 86' lang='lat' dir='ltr'>prompta</span> <span class='ocrx_word' id='word_1_55' title='bbox 605 1961 752 1998; x_wconf 88' lang='lat' dir='ltr'>mente.</span> 
     </span>
     <span class='ocr_line' id='line_1_30' title="bbox 874 2025 1226 2078; baseline 0.006 -14"><span class='ocrx_word' id='word_1_56' title='bbox 874 2025 1226 2078; x_wconf 88' lang='lat' dir='ltr'>Paphnutius.</span> 
     </span>
    </p>
   </div>
   <div class='ocr_carea' id='block_1_4' title="bbox 297 2094 1666 2570">
    <p class='ocr_par' dir='ltr' id='par_1_4' title="bbox 297 2094 1666 2422">
     <span class='ocr_line' id='line_1_31' title="bbox 300 2094 1665 2147; baseline -0.001 -12"><span class='ocrx_word' id='word_1_57' title='bbox 300 2096 414 2136; x_wconf 82' lang='lat' dir='ltr'>Sicut</span> <span class='ocrx_word' id='word_1_58' title='bbox 445 2096 551 2135; x_wconf 85' lang='lat' dir='ltr'>enim</span> <span class='ocrx_word' id='word_1_59' title='bbox 580 2095 708 2147; x_wconf 85' lang='lat' dir='ltr'>major</span> <span class='ocrx_word' id='word_1_60' title='bbox 738 2094 912 2133; x_wconf 87' lang='lat' dir='ltr'>mundus</span> <span class='ocrx_word' id='word_1_61' title='bbox 953 2107 1007 2134; x_wconf 85' lang='lat' dir='ltr'>ex</span> <span class='ocrx_word' id='word_1_62' title='bbox 1038 2097 1212 2147; x_wconf 88' lang='lat' dir='ltr'>quatuor</span> <span class='ocrx_word' id='word_1_63' title='bbox 1246 2095 1458 2134; x_wconf 84' lang='lat' dir='ltr'>contrariis</span> <span class='ocrx_word' id='word_1_64' title='bbox 1489 2094 1665 2134; x_wconf 90' lang='lat' dir='ltr'>elemen-</span> 
     </span>
     <span class='ocr_line' id='line_1_32' title="bbox 297 2162 1666 2212; baseline -0.001 -9"><span class='ocrx_word' id='word_1_65' title='bbox 297 2165 362 2212; x_wconf 85' lang='lat' dir='ltr'>tis,</span> <span class='ocrx_word' id='word_1_66' title='bbox 394 2164 466 2202; x_wconf 82' lang='lat' dir='ltr'>sed</span> <span class='ocrx_word' id='word_1_67' title='bbox 498 2164 549 2202; x_wconf 86' lang='lat' dir='ltr'>ad</span> <span class='ocrx_word' id='word_1_68' title='bbox 580 2168 720 2203; x_wconf 83' lang='lat' dir='ltr'>votum</span> <span class='ocrx_word' id='word_1_69' title='bbox 740 2162 945 2202; x_wconf 84' lang='lat' dir='ltr'>Creatoris</span> <span class='ocrx_word' id='word_1_70' title='bbox 977 2164 1202 2203; x_wconf 79' lang='lat' dir='ltr'>secundum</span> <span class='ocrx_word' id='word_1_71' title='bbox 1231 2163 1503 2203; x_wconf 88' lang='lat' dir='ltr'>harmonicam</span> <span class='ocrx_word' id='word_1_72' title='bbox 1529 2163 1666 2202; x_wconf 87' lang='lat' dir='ltr'>mode-</span> 
     </span>
     <span class='ocr_line' id='line_1_33' title="bbox 298 2230 1665 2285; baseline 0 -15"><span class='ocrx_word' id='word_1_73' title='bbox 298 2232 497 2271; x_wconf 87' lang='lat' dir='ltr'>rationem</span> <span class='ocrx_word' id='word_1_74' title='bbox 547 2231 887 2271; x_wconf 83' lang='lat' dir='ltr'>concordantibus</span> <span class='ocrx_word' id='word_1_75' title='bbox 927 2232 1154 2284; x_wconf 87' lang='lat' dir='ltr'>perficitur,</span> <span class='ocrx_word' id='word_1_76' title='bbox 1195 2232 1251 2271; x_wconf 88' lang='lat' dir='ltr'>ita</span> <span class='ocrx_word' id='word_1_77' title='bbox 1273 2230 1307 2285; x_wconf 75' lang='lat'>⁶)</span> <span class='ocrx_word' id='word_1_78' title='bbox 1348 2234 1390 2271; x_wconf 89' lang='lat' dir='ltr'>et</span> <span class='ocrx_word' id='word_1_79' title='bbox 1427 2231 1545 2271; x_wconf 91' lang='lat' dir='ltr'>homo</span> <span class='ocrx_word' id='word_1_80' title='bbox 1585 2243 1665 2270; x_wconf 90' lang='lat' dir='ltr'>non</span> 
     </span>
     <span class='ocr_line' id='line_1_34' title="bbox 299 2299 1665 2352; baseline 0 -13"><span class='ocrx_word' id='word_1_81' title='bbox 299 2301 429 2339; x_wconf 85' lang='lat' dir='ltr'>solum</span> <span class='ocrx_word' id='word_1_82' title='bbox 460 2301 509 2339; x_wconf 90' lang='lat' dir='ltr'>ab</span> <span class='ocrx_word' id='word_1_83' title='bbox 542 2300 695 2338; x_wconf 83' lang='lat' dir='ltr'>eisdem</span> <span class='ocrx_word' id='word_1_84' title='bbox 726 2299 959 2350; x_wconf 82' lang='lat' dir='ltr'>elementis,</span> <span class='ocrx_word' id='word_1_85' title='bbox 999 2300 1073 2339; x_wconf 83' lang='lat' dir='ltr'>sed</span> <span class='ocrx_word' id='word_1_86' title='bbox 1110 2300 1232 2340; x_wconf 86' lang='lat' dir='ltr'>etiam</span> <span class='ocrx_word' id='word_1_87' title='bbox 1262 2313 1316 2340; x_wconf 87' lang='lat' dir='ltr'>ex</span> <span class='ocrx_word' id='word_1_88' title='bbox 1345 2299 1476 2352; x_wconf 83' lang='lat' dir='ltr'>magis</span> <span class='ocrx_word' id='word_1_89' title='bbox 1507 2301 1665 2340; x_wconf 84' lang='lat' dir='ltr'>contra-</span> 
     </span>
     <span class='ocr_line' id='line_1_35' title="bbox 299 2369 837 2422; baseline 0 -15"><span class='ocrx_word' id='word_1_90' title='bbox 299 2369 369 2408; x_wconf 90' lang='lat' dir='ltr'>riis</span> <span class='ocrx_word' id='word_1_91' title='bbox 399 2369 582 2422; x_wconf 88' lang='lat' dir='ltr'>partibus</span> <span class='ocrx_word' id='word_1_92' title='bbox 614 2372 837 2421; x_wconf 82' lang='lat' dir='ltr'>coaptatur.</span> 
     </span>
    </p>

    <p class='ocr_par' dir='ltr' id='par_1_5' title="bbox 298 2448 1345 2570">
     <span class='ocr_line' id='line_1_36' title="bbox 831 2448 1117 2502; baseline 0 -14"><span class='ocrx_word' id='word_1_93' title='bbox 831 2448 1117 2502; x_wconf 87' lang='lat' dir='ltr'>Discipuli.</span> 
     </span>
     <span class='ocr_line' id='line_1_37' title="bbox 298 2516 1345 2570; baseline -0.001 -12"><span class='ocrx_word' id='word_1_94' title='bbox 298 2518 354 2558; x_wconf 89' lang='lat' dir='ltr'>Et</span> <span class='ocrx_word' id='word_1_95' title='bbox 383 2518 480 2570; x_wconf 90' lang='lat' dir='ltr'>quid</span> <span class='ocrx_word' id='word_1_96' title='bbox 509 2516 640 2570; x_wconf 79' lang='lat' dir='ltr'>magis</span> <span class='ocrx_word' id='word_1_97' title='bbox 671 2518 928 2566; x_wconf 86' lang='lat' dir='ltr'>contrarium,</span> <span class='ocrx_word' id='word_1_98' title='bbox 961 2530 1081 2569; x_wconf 87' lang='lat' dir='ltr'>quam</span> <span class='ocrx_word' id='word_1_99' title='bbox 1111 2517 1345 2558; x_wconf 82' lang='lat' dir='ltr'>elementa?</span> 
     </span>
    </p>
   </div>
   <div class='ocr_carea' id='block_1_5' title="bbox 299 2630 536 2638">
    <p class='ocr_par' dir='ltr' id='par_1_6' title="bbox 299 2630 536 2638">
     <span class='ocr_line' id='line_1_38' title="bbox 299 2630 536 2638; baseline 0 301"><span class='ocrx_word' id='word_1_100' title='bbox 299 2630 536 2638; x_wconf 95' lang='lat' dir='ltr'> </span> 
     </span>
    </p>
   </div>
   <div class='ocr_carea' id='block_1_6' title="bbox 334 2682 946 2723">
    <p class='ocr_par' dir='ltr' id='par_1_7' title="bbox 334 2682 946 2723">
     <span class='ocr_line' id='line_1_39' title="bbox 334 2682 946 2723; baseline 0 -9"><span class='ocrx_word' id='word_1_101' title='bbox 334 2689 367 2723; x_wconf 78' lang='lat' dir='ltr'>b)</span> <span class='ocrx_word' id='word_1_102' title='bbox 389 2685 497 2722; x_wconf 69' lang='lat' dir='ltr'>(linis,</span> <span class='ocrx_word' id='word_1_103' title='bbox 518 2685 577 2722; x_wconf 58' lang='lat' dir='ltr'>ng.</span> <span class='ocrx_word' id='word_1_104' title='bbox 612 2686 645 2723; x_wconf 81' lang='lat'>6)</span> <span class='ocrx_word' id='word_1_105' title='bbox 666 2690 699 2714; x_wconf 73' lang='lat' dir='ltr'>et</span> <span class='ocrx_word' id='word_1_106' title='bbox 723 2687 791 2721; x_wconf 80' lang='lat' dir='ltr'>ita,</span> <span class='ocrx_word' id='word_1_107' title='bbox 816 2685 847 2715; x_wconf 86' lang='lat' dir='ltr'>C.</span> <span class='ocrx_word' id='word_1_108' title='bbox 868 2692 897 2712; x_wconf 84' lang='lat' dir='ltr'>u.</span> <span class='ocrx_word' id='word_1_109' title='bbox 917 2682 946 2714; x_wconf 70' lang='lat'>81</span> 
     </span>
    </p>
   </div>
  </div>
 </body>
</html>
