1702 2939
618 216 935 258 -101—

201 334 562 385 „Christicolisque
594 333 732 372 datum
761 332 911 372 Christi
940 333 1142 385 baptisma
1172 336 1401 373 sacratum!

207 402 400 451 „Scilicet
430 404 471 441 et
498 414 656 440 mecum
682 404 724 440 te
752 402 874 450 velle,
910 402 1053 449 fatere,
1083 415 1156 454 per
1185 414 1334 441 aevum

208 471 381 519 „Poenis
410 470 559 508 inferni
586 470 865 522 permansuris
895 470 1078 508 eruciari.

119 537 184 579 95.
205 539 419 590 „Hincque
441 538 520 578 tuis
542 538 725 577 manibus
746 539 938 590 scriptam
958 539 1054 577 mihi
1070 539 1236 591 porrige
1264 539 1459 587 chartam,

205 607 458 656 „Ostendam
487 607 618 654 eitius,
649 609 846 658 quantum
872 607 1002 659 possit
1029 620 1120 646 mea
1147 608 1318 647 virtus.“

260 676 338 715 His
368 689 475 723 mox,
505 675 652 714 infele
683 688 840 723 servuS,
871 675 1032 714 monitis
1061 677 1168 714 male
1198 678 1353 728 eaptus,

207 744 422 784 Scribebat
449 744 658 796 proprium
684 743 835 782 ridenti
864 746 1030 795 pectore
1064 745 1285 797 dampnum

202 812 482 864 Interitusque
515 812 578 850 sui
607 824 771 851 causam
800 813 911 851 retro
931 813 1044 852 dedit
1073 813 1190 861 hosti,

99 879 191 920 lOO.
216 881 296 926 Qui
324 894 431 929 mox,
462 880 719 933 dampnando
737 880 914 920 nimium
942 881 1130 932 gaudens
1159 894 1284 933 super
1311 881 1392 930 illo,

204 949 333 988 Laeto
363 952 565 988 tartareos
595 949 728 989 emisit
755 949 877 988 corde
906 949 1126 998 ministros,

204 1017 389 1069 Virginis
416 1020 461 1057 ut
487 1018 664 1057 miserae
693 1020 871 1057 mentem
901 1018 1089 1057 facerent
1116 1018 1156 1056 in
1185 1030 1323 1057 amore

204 1085 371 1125 Incesto
401 1087 555 1138 proprii
584 1087 702 1126 citius
732 1087 970 1125 fervescere
1002 1086 1123 1125 servi.

270 1154 325 1194 Et
354 1168 470 1194 mens
500 1155 706 1194 blanditiis
736 1155 896 1206 fragilis
925 1155 1114 1208 pulsatur
1142 1155 1303 1204 amoris,

94 1221 186 1262 105.
207 1223 426 1262 Exclamat
454 1223 587 1262 subito
613 1236 765 1274 magna
796 1224 846 1262 de
877 1224 1005 1275 stirpe
1034 1226 1185 1271 creata,

211 1291 382 1344 Optans,
413 1292 617 1344 praestari
646 1293 806 1331 sibimet
834 1291 1038 1331 consortia
1068 1292 1199 1340 servi,

204 1361 342 1412 Atque
370 1361 479 1413 patri
508 1361 672 1413 proprio
706 1360 890 1413 profudit
921 1361 1019 1399 talia
1047 1361 1198 1399 verba:

208 1430 323 1477 „Jam
352 1429 548 1468 miserere
577 1434 685 1478 tuae,
715 1429 877 1480 genitor
907 1429 1151 1476 dulcissime,
1180 1430 1314 1478 natae,

211 1497 290 1545 „Et
319 1498 437 1537 citius
466 1511 596 1537 meme
623 1498 779 1551 juveni,
809 1510 929 1549 quem
961 1498 1098 1548 diligo,
1128 1498 1258 1545 trade,

100 1564 192 1606 110.
215 1566 304 1615 „Ne
331 1567 481 1606 moriar
512 1567 652 1614 tristis,
680 1567 882 1617 languens
910 1579 985 1618 per
1014 1566 1149 1604 taedia
1179 1566 1349 1605 cordis.“

261 1635 350 1683 His,
380 1638 510 1687 pater,
539 1635 699 1681 auditis,
731 1634 908 1673 lacrimis
939 1634 1100 1673 dicebat
1127 1635 1298 1673 amaris:

207 1703 339 1751 „Heu,
367 1704 458 1752 heu,
490 1704 588 1755 quid
616 1703 769 1757 pateris
797 1703 927 1742 veluti
958 1716 1053 1755 spes
1084 1703 1205 1742 unica
1234 1703 1390 1755 patris?

209 1771 320 1820 „Dic,
352 1785 465 1823 rogo,
495 1772 584 1823 quis
614 1771 753 1811 verbis
785 1773 824 1810 te
856 1771 1018 1823 decepit
1044 1772 1150 1810 male
1179 1772 1352 1821 blandis,

206 1840 312 1887 „Vel
343 1841 432 1891 quis
462 1840 670 1879 blanditiis
699 1840 968 1878 circumvenit
996 1840 1227 1879 simulatis?

94 1906 186 1948 115.
208 1908 391 1957 ,,Νο11116,
421 1909 492 1948 tibi
520 1909 695 1961 patriam
722 1909 840 1947 reddi
870 1909 1070 1961 cupiendo
1099 1921 1332 1961 supernam,

208 1976 392 2029 „Sponso
423 1977 602 2025 coelesti,
632 1975 806 2025 Christo,
837 1979 878 2016 te
908 1977 1087 2029 denique
1117 1978 1224 2026 vovi,

206 2045 355 2094 „Hune
384 2048 497 2085 casta
523 2046 654 2085 solum
682 2046 840 2085 coleres
872 2059 949 2097 quo
980 2047 1118 2085 mente
1146 2059 1221 2098 per
1249 2058 1410 2095 aevum,

206 2114 348 2163 „Illius
377 2116 418 2153 et
445 2115 590 2153 laudes
620 2128 711 2153 cum
739 2114 942 2153 coelicolis
970 2127 1200 2162 resonares,

208 2183 388 2231 „Addita
416 2182 615 2233 virgineis
643 2183 784 2221 mortis
814 2185 906 2234 post
935 2183 1100 2221 vincula
1128 2183 1304 2222 turmis?

98 2248 189 2290 120.
211 2250 289 2297 „Et
316 2253 360 2289 tu
387 2251 530 2289 lascivi
559 2251 758 2289 fervescis
787 2263 924 2289 amore
955 2250 1129 2290 famelli!

207 2319 290 2367 „At
318 2332 426 2358 nune
452 2319 663 2367 submissa,
696 2320 855 2358 soboles
884 2332 985 2367 mea,
1014 2333 1115 2359 voce
1145 2321 1311 2372 rogabo,

207 2387 378 2436 „Finem
407 2388 602 2426 stultitiae
630 2382 782 2440 pergas
812 2390 857 2426 ut
886 2388 1062 2427 reddere
1092 2391 1242 2437 tantae,

209 2454 297 2503 „Ne
326 2469 457 2507 genus
488 2470 604 2495 omne
632 2460 745 2496 tuum
783 2457 888 2495 male
919 2457 1144 2496 confundas
1173 2471 1433 2510 generosum.

210 2522 279 2571 „Si
306 2525 441 2564 tamen
469 2525 630 2578 incepto
658 2527 832 2578 temptas
863 2525 1011 2565 durare
1039 2526 1231 2577 maligno,

207 2693 262 2719 112.
287 2694 432 2725 patens,
456 2692 496 2718 M.
524 2694 578 2721 120.
601 2693 769 2727 lascivo,
791 2693 820 2720 C.
841 2701 871 2720 ιι.
892 2692 922 2719 S.
