<?xml version="1.0" encoding="UTF-8"?>
<!DOCTYPE html PUBLIC "-//W3C//DTD XHTML 1.0 Transitional//EN"
    "http://www.w3.org/TR/xhtml1/DTD/xhtml1-transitional.dtd">
<html xmlns="http://www.w3.org/1999/xhtml" xml:lang="en" lang="en">
 <head>
  <title>
</title>
<meta http-equiv="Content-Type" content="text/html;charset=utf-8" />
  <meta name='ocr-system' content='tesseract 3.04.00' />
  <meta name='ocr-capabilities' content='ocr_page ocr_carea ocr_par ocr_line ocrx_word'/>
</head>
<body>
  <div class='ocr_page' id='page_1' title='image "./diewerke00hrotuoft_0286.png"; bbox 0 0 1702 2939; ppageno 0'>
   <div class='ocr_carea' id='block_1_1' title="bbox 807 207 1120 253">
    <p class='ocr_par' dir='ltr' id='par_1_1' title="bbox 807 207 1120 253">
     <span class='ocr_line' id='line_1_1' title="bbox 807 207 1120 253; baseline 0.006 -3"><span class='ocrx_word' id='word_1_1' title='bbox 807 207 1120 253; x_wconf 75' lang='lat'>—208—</span> 
     </span>
    </p>
   </div>
   <div class='ocr_carea' id='block_1_2' title="bbox 279 326 1648 859">
    <p class='ocr_par' dir='ltr' id='par_1_2' title="bbox 279 326 1648 516">
     <span class='ocr_line' id='line_1_2' title="bbox 826 326 1106 366; baseline -0.004 0"><span class='ocrx_word' id='word_1_2' title='bbox 826 326 1106 366; x_wconf 72' lang='lat' dir='ltr'>Johannes</span> 
     </span>
     <span class='ocr_line' id='line_1_3' title="bbox 279 393 1648 447; baseline 0.002 -14"><span class='ocrx_word' id='word_1_3' title='bbox 279 393 397 434; x_wconf 76' lang='lat' dir='ltr'>Unde</span> <span class='ocrx_word' id='word_1_4' title='bbox 426 394 518 433; x_wconf 83' lang='lat' dir='ltr'>aliis</span> <span class='ocrx_word' id='word_1_5' title='bbox 549 394 625 433; x_wconf 78' lang='lat' dir='ltr'>Dei</span> <span class='ocrx_word' id='word_1_6' title='bbox 655 395 829 445; x_wconf 82' lang='lat' dir='ltr'>gratiam</span> <span class='ocrx_word' id='word_1_7' title='bbox 859 408 938 433; x_wconf 90' lang='lat' dir='ltr'>non</span> <span class='ocrx_word' id='word_1_8' title='bbox 977 395 1171 434; x_wconf 78' lang='lat' dir='ltr'>debemus</span> <span class='ocrx_word' id='word_1_9' title='bbox 1202 394 1399 442; x_wconf 85' lang='lat' dir='ltr'>invidere,</span> <span class='ocrx_word' id='word_1_10' title='bbox 1441 407 1562 447; x_wconf 83' lang='lat' dir='ltr'>quam</span> <span class='ocrx_word' id='word_1_11' title='bbox 1593 408 1648 436; x_wconf 83' lang='lat' dir='ltr'>ex</span> 
     </span>
     <span class='ocr_line' id='line_1_4' title="bbox 280 463 1648 516; baseline 0.002 -15"><span class='ocrx_word' id='word_1_12' title='bbox 280 463 402 502; x_wconf 87' lang='lat' dir='ltr'>nullis</span> <span class='ocrx_word' id='word_1_13' title='bbox 424 463 763 516; x_wconf 80' lang='lat' dir='ltr'>praecedentibus</span> <span class='ocrx_word' id='word_1_14' title='bbox 785 463 938 502; x_wconf 82' lang='lat' dir='ltr'>meritis</span> <span class='ocrx_word' id='word_1_15' title='bbox 960 463 1000 501; x_wconf 88' lang='lat' dir='ltr'>iu</span> <span class='ocrx_word' id='word_1_16' title='bbox 1031 463 1146 502; x_wconf 84' lang='lat' dir='ltr'>nobis</span> <span class='ocrx_word' id='word_1_17' title='bbox 1173 463 1398 515; x_wconf 77' lang='lat' dir='ltr'>gaudemus</span> <span class='ocrx_word' id='word_1_18' title='bbox 1429 463 1648 504; x_wconf 85' lang='lat' dir='ltr'>abundare.</span> 
     </span>
    </p>

    <p class='ocr_par' dir='ltr' id='par_1_3' title="bbox 782 532 1135 572">
     <span class='ocr_line' id='line_1_5' title="bbox 782 532 1135 572; baseline -0.003 0"><span class='ocrx_word' id='word_1_19' title='bbox 782 532 1135 572; x_wconf 85' lang='lat' dir='ltr'>Calimachus.</span> 
     </span>
    </p>

    <p class='ocr_par' dir='ltr' id='par_1_4' title="bbox 279 600 767 640">
     <span class='ocr_line' id='line_1_6' title="bbox 279 600 767 640; baseline 0 0"><span class='ocrx_word' id='word_1_20' title='bbox 279 600 480 640; x_wconf 85' lang='lat' dir='ltr'>Terruisti</span> <span class='ocrx_word' id='word_1_21' title='bbox 509 613 573 639; x_wconf 88' lang='lat' dir='ltr'>me</span> <span class='ocrx_word' id='word_1_22' title='bbox 603 601 767 640; x_wconf 88' lang='lat' dir='ltr'>monitu.</span> 
     </span>
    </p>

    <p class='ocr_par' dir='ltr' id='par_1_5' title="bbox 279 668 1646 859">
     <span class='ocr_line' id='line_1_7' title="bbox 829 668 1114 709; baseline 0 -1"><span class='ocrx_word' id='word_1_23' title='bbox 829 668 1114 709; x_wconf 74' lang='lat' dir='ltr'>Johannes</span> 
     </span>
     <span class='ocr_line' id='line_1_8' title="bbox 279 736 1646 790; baseline 0 -14"><span class='ocrx_word' id='word_1_24' title='bbox 279 736 341 776; x_wconf 76' lang='lat' dir='ltr'>Ne</span> <span class='ocrx_word' id='word_1_25' title='bbox 373 740 509 777; x_wconf 86' lang='lat' dir='ltr'>autem</span> <span class='ocrx_word' id='word_1_26' title='bbox 539 737 619 776; x_wconf 88' lang='lat' dir='ltr'>tuis</span> <span class='ocrx_word' id='word_1_27' title='bbox 648 737 792 776; x_wconf 71' lang='lat' dir='ltr'>videar</span> <span class='ocrx_word' id='word_1_28' title='bbox 822 737 944 776; x_wconf 83' lang='lat' dir='ltr'>reniti</span> <span class='ocrx_word' id='word_1_29' title='bbox 965 738 1082 784; x_wconf 73' lang='lat' dir='ltr'>votis,</span> <span class='ocrx_word' id='word_1_30' title='bbox 1104 750 1185 776; x_wconf 90' lang='lat' dir='ltr'>non</span> <span class='ocrx_word' id='word_1_31' title='bbox 1215 736 1436 776; x_wconf 81' lang='lat' dir='ltr'>suscitetur</span> <span class='ocrx_word' id='word_1_32' title='bbox 1465 749 1540 790; x_wconf 84' lang='lat' dir='ltr'>per</span> <span class='ocrx_word' id='word_1_33' title='bbox 1569 749 1646 786; x_wconf 88' lang='lat' dir='ltr'>me,</span> 
     </span>
     <span class='ocr_line' id='line_1_9' title="bbox 281 805 1646 859; baseline 0.001 -16"><span class='ocrx_word' id='word_1_34' title='bbox 281 806 353 845; x_wconf 76' lang='lat' dir='ltr'>sed</span> <span class='ocrx_word' id='word_1_35' title='bbox 384 820 458 858; x_wconf 77' lang='lat' dir='ltr'>per</span> <span class='ocrx_word' id='word_1_36' title='bbox 488 806 745 855; x_wconf 83' lang='lat' dir='ltr'>Drusianam,</span> <span class='ocrx_word' id='word_1_37' title='bbox 777 806 871 858; x_wconf 87' lang='lat' dir='ltr'>quia</span> <span class='ocrx_word' id='word_1_38' title='bbox 902 806 953 844; x_wconf 86' lang='lat' dir='ltr'>ad</span> <span class='ocrx_word' id='word_1_39' title='bbox 985 806 1060 845; x_wconf 82' lang='lat' dir='ltr'>hoo</span> <span class='ocrx_word' id='word_1_40' title='bbox 1089 805 1340 859; x_wconf 86' lang='lat' dir='ltr'>implendum</span> <span class='ocrx_word' id='word_1_41' title='bbox 1371 817 1395 845; x_wconf 89' lang='lat' dir='ltr'>a</span> <span class='ocrx_word' id='word_1_42' title='bbox 1414 805 1500 846; x_wconf 89' lang='lat' dir='ltr'>Deo</span> <span class='ocrx_word' id='word_1_43' title='bbox 1532 817 1646 845; x_wconf 82' lang='lat' dir='ltr'>aece-</span> 
     </span>
    </p>
   </div>
   <div class='ocr_carea' id='block_1_3' title="bbox 277 875 1099 970">
    <p class='ocr_par' dir='ltr' id='par_1_6' title="bbox 277 875 1099 970">
     <span class='ocr_line' id='line_1_10' title="bbox 277 875 550 928; baseline 0 -15"><span class='ocrx_word' id='word_1_44' title='bbox 277 876 336 928; x_wconf 89' lang='lat' dir='ltr'>pit</span> <span class='ocrx_word' id='word_1_45' title='bbox 366 875 550 927; x_wconf 81' lang='lat' dir='ltr'>gratiam.</span> 
     </span>
     <span class='ocr_line' id='line_1_11' title="bbox 825 931 1099 970; baseline 0.004 -1"><span class='ocrx_word' id='word_1_46' title='bbox 825 931 1099 970; x_wconf 84' lang='lat' dir='ltr'>Drusiana.</span> 
     </span>
    </p>
   </div>
   <div class='ocr_carea' id='block_1_4' title="bbox 276 998 1645 1390">
    <p class='ocr_par' dir='ltr' id='par_1_7' title="bbox 276 998 1645 1390">
     <span class='ocr_line' id='line_1_12' title="bbox 276 998 1645 1052; baseline -0.001 -13"><span class='ocrx_word' id='word_1_47' title='bbox 276 1000 424 1040; x_wconf 72' lang='lat' dir='ltr'>Divina</span> <span class='ocrx_word' id='word_1_48' title='bbox 455 1000 694 1048; x_wconf 80' lang='lat' dir='ltr'>substantia,</span> <span class='ocrx_word' id='word_1_49' title='bbox 736 1012 840 1052; x_wconf 81' lang='lat' dir='ltr'>quae</span> <span class='ocrx_word' id='word_1_50' title='bbox 871 1014 971 1038; x_wconf 68' lang='lat' dir='ltr'>vere</span> <span class='ocrx_word' id='word_1_51' title='bbox 1004 1005 1045 1039; x_wconf 84' lang='lat' dir='ltr'>et</span> <span class='ocrx_word' id='word_1_52' title='bbox 1076 998 1340 1051; x_wconf 77' lang='lat' dir='ltr'>singulariter</span> <span class='ocrx_word' id='word_1_53' title='bbox 1371 1011 1415 1038; x_wconf 80' lang='lat' dir='ltr'>es</span> <span class='ocrx_word' id='word_1_54' title='bbox 1447 998 1534 1038; x_wconf 84' lang='lat' dir='ltr'>sine</span> <span class='ocrx_word' id='word_1_55' title='bbox 1563 1011 1645 1039; x_wconf 88' lang='lat' dir='ltr'>ma-</span> 
     </span>
     <span class='ocr_line' id='line_1_13' title="bbox 277 1067 1645 1120; baseline -0.001 -12"><span class='ocrx_word' id='word_1_56' title='bbox 277 1068 452 1119; x_wconf 56' lang='lat' dir='ltr'>teriam)</span> <span class='ocrx_word' id='word_1_57' title='bbox 483 1070 623 1116; x_wconf 83' lang='lat' dir='ltr'>forma,</span> <span class='ocrx_word' id='word_1_58' title='bbox 650 1081 753 1120; x_wconf 86' lang='lat' dir='ltr'>quae</span> <span class='ocrx_word' id='word_1_59' title='bbox 786 1068 986 1107; x_wconf 85' lang='lat' dir='ltr'>hominem</span> <span class='ocrx_word' id='word_1_60' title='bbox 1017 1068 1067 1107; x_wconf 83' lang='lat' dir='ltr'>ad</span> <span class='ocrx_word' id='word_1_61' title='bbox 1097 1069 1157 1107; x_wconf 89' lang='lat' dir='ltr'>tui</span> <span class='ocrx_word' id='word_1_62' title='bbox 1187 1068 1405 1119; x_wconf 79' lang='lat' dir='ltr'>imaginem</span> <span class='ocrx_word' id='word_1_63' title='bbox 1434 1067 1645 1120; x_wconf 82' lang='lat' dir='ltr'>plasmasti</span> 
     </span>
     <span class='ocr_line' id='line_1_14' title="bbox 277 1136 1644 1189; baseline -0.001 -13"><span class='ocrx_word' id='word_1_64' title='bbox 277 1142 318 1176; x_wconf 85' lang='lat' dir='ltr'>et</span> <span class='ocrx_word' id='word_1_65' title='bbox 356 1137 555 1189; x_wconf 84' lang='lat' dir='ltr'>plasmato</span> <span class='ocrx_word' id='word_1_66' title='bbox 596 1136 843 1189; x_wconf 80' lang='lat' dir='ltr'>spiraculum</span> <span class='ocrx_word' id='word_1_67' title='bbox 883 1137 992 1175; x_wconf 66' lang='lat' dir='ltr'>vitae</span> <span class='ocrx_word' id='word_1_68' title='bbox 1036 1136 1257 1188; x_wconf 81' lang='lat' dir='ltr'>inspirasti,</span> <span class='ocrx_word' id='word_1_69' title='bbox 1293 1136 1393 1189; x_wconf 86' lang='lat' dir='ltr'>jube</span> <span class='ocrx_word' id='word_1_70' title='bbox 1432 1136 1644 1176; x_wconf 86' lang='lat' dir='ltr'>materiale</span> 
     </span>
     <span class='ocr_line' id='line_1_15' title="bbox 277 1204 1645 1257; baseline -0.001 -13"><span class='ocrx_word' id='word_1_71' title='bbox 277 1218 424 1257; x_wconf 71' lang='lat' dir='ltr'>eorpus</span> <span class='ocrx_word' id='word_1_72' title='bbox 463 1205 690 1253; x_wconf 85' lang='lat' dir='ltr'>Fortunati,</span> <span class='ocrx_word' id='word_1_73' title='bbox 737 1205 905 1244; x_wconf 74' lang='lat' dir='ltr'>reducto</span> <span class='ocrx_word' id='word_1_74' title='bbox 951 1205 1098 1252; x_wconf 82' lang='lat' dir='ltr'>calore,</span> <span class='ocrx_word' id='word_1_75' title='bbox 1140 1205 1181 1243; x_wconf 89' lang='lat' dir='ltr'>in</span> <span class='ocrx_word' id='word_1_76' title='bbox 1222 1204 1430 1244; x_wconf 84' lang='lat' dir='ltr'>viventem</span> <span class='ocrx_word' id='word_1_77' title='bbox 1471 1204 1645 1243; x_wconf 86' lang='lat' dir='ltr'>animam</span> 
     </span>
     <span class='ocr_line' id='line_1_16' title="bbox 277 1272 1644 1324; baseline 0.001 -13"><span class='ocrx_word' id='word_1_78' title='bbox 277 1273 423 1312; x_wconf 89' lang='lat' dir='ltr'>iterum</span> <span class='ocrx_word' id='word_1_79' title='bbox 454 1273 678 1321; x_wconf 78' lang='lat' dir='ltr'>reformari,</span> <span class='ocrx_word' id='word_1_80' title='bbox 699 1286 778 1324; x_wconf 91' lang='lat' dir='ltr'>quo</span> <span class='ocrx_word' id='word_1_81' title='bbox 809 1273 915 1312; x_wconf 85' lang='lat' dir='ltr'>trina</span> <span class='ocrx_word' id='word_1_82' title='bbox 946 1273 1075 1312; x_wconf 78' lang='lat' dir='ltr'>nostri</span> <span class='ocrx_word' id='word_1_83' title='bbox 1105 1273 1362 1313; x_wconf 81' lang='lat' dir='ltr'>resuscitatio</span> <span class='ocrx_word' id='word_1_84' title='bbox 1394 1273 1463 1312; x_wconf 88' lang='lat' dir='ltr'>tibi</span> <span class='ocrx_word' id='word_1_85' title='bbox 1492 1272 1533 1312; x_wconf 90' lang='lat' dir='ltr'>in</span> <span class='ocrx_word' id='word_1_86' title='bbox 1557 1272 1644 1312; x_wconf 89' lang='lat' dir='ltr'>lau-</span> 
     </span>
     <span class='ocr_line' id='line_1_17' title="bbox 276 1341 1087 1390; baseline 0 -10"><span class='ocrx_word' id='word_1_87' title='bbox 276 1341 368 1380; x_wconf 85' lang='lat' dir='ltr'>dem</span> <span class='ocrx_word' id='word_1_88' title='bbox 398 1344 597 1390; x_wconf 74' lang='lat' dir='ltr'>vertatur,</span> <span class='ocrx_word' id='word_1_89' title='bbox 629 1341 809 1381; x_wconf 82' lang='lat' dir='ltr'>Trinitas</span> <span class='ocrx_word' id='word_1_90' title='bbox 839 1342 1087 1381; x_wconf 73' lang='lat' dir='ltr'>veneranda.</span> 
     </span>
    </p>
   </div>
   <div class='ocr_carea' id='block_1_5' title="bbox 273 1410 1642 1647">
    <p class='ocr_par' dir='ltr' id='par_1_8' title="bbox 273 1410 1642 1647">
     <span class='ocr_line' id='line_1_18' title="bbox 810 1410 1094 1450; baseline 0 -1"><span class='ocrx_word' id='word_1_91' title='bbox 810 1410 1094 1450; x_wconf 61' lang='lat' dir='ltr'>Johannes</span> 
     </span>
     <span class='ocr_line' id='line_1_19' title="bbox 276 1467 418 1507; baseline 0 -1"><span class='ocrx_word' id='word_1_92' title='bbox 276 1467 418 1507; x_wconf 81' lang='lat' dir='ltr'>Amen.</span> 
     </span>
     <span class='ocr_line' id='line_1_20' title="bbox 819 1524 1097 1563; baseline 0 0"><span class='ocrx_word' id='word_1_93' title='bbox 819 1524 1097 1563; x_wconf 81' lang='lat' dir='ltr'>Drusiana.</span> 
     </span>
     <span class='ocr_line' id='line_1_21' title="bbox 273 1591 1642 1647; baseline 0 -16"><span class='ocrx_word' id='word_1_94' title='bbox 273 1591 590 1645; x_wconf 73' lang='lat' dir='ltr'>Expergiseem,</span> <span class='ocrx_word' id='word_1_95' title='bbox 623 1592 860 1641; x_wconf 87' lang='lat' dir='ltr'>Fortunate,</span> <span class='ocrx_word' id='word_1_96' title='bbox 893 1597 935 1633; x_wconf 83' lang='lat' dir='ltr'>et</span> <span class='ocrx_word' id='word_1_97' title='bbox 959 1595 1080 1647; x_wconf 86' lang='lat' dir='ltr'>jussu</span> <span class='ocrx_word' id='word_1_98' title='bbox 1103 1591 1253 1633; x_wconf 85' lang='lat' dir='ltr'>Christi</span> <span class='ocrx_word' id='word_1_99' title='bbox 1282 1591 1510 1632; x_wconf 80' lang='lat' dir='ltr'>retinacula</span> <span class='ocrx_word' id='word_1_100' title='bbox 1536 1604 1642 1632; x_wconf 87' lang='lat' dir='ltr'>mor-</span> 
     </span>
    </p>
   </div>
   <div class='ocr_carea' id='block_1_6' title="bbox 272 1661 1123 1759">
    <p class='ocr_par' dir='ltr' id='par_1_9' title="bbox 272 1661 1123 1759">
     <span class='ocr_line' id='line_1_22' title="bbox 272 1661 572 1715; baseline 0 -15"><span class='ocrx_word' id='word_1_101' title='bbox 272 1661 324 1701; x_wconf 89' lang='lat' dir='ltr'>tis</span> <span class='ocrx_word' id='word_1_102' title='bbox 353 1661 572 1715; x_wconf 84' lang='lat' dir='ltr'>disrumpe.</span> 
     </span>
     <span class='ocr_line' id='line_1_23' title="bbox 788 1719 1123 1759; baseline -0.003 0"><span class='ocrx_word' id='word_1_103' title='bbox 788 1719 822 1759; x_wconf 90' lang='lat' dir='ltr'>F</span> <span class='ocrx_word' id='word_1_104' title='bbox 833 1734 854 1759; x_wconf 89' lang='lat' dir='ltr'>o</span> <span class='ocrx_word' id='word_1_105' title='bbox 866 1733 886 1758; x_wconf 89' lang='lat' dir='ltr'>r</span> <span class='ocrx_word' id='word_1_106' title='bbox 898 1721 945 1759; x_wconf 89' lang='lat' dir='ltr'>tu</span> <span class='ocrx_word' id='word_1_107' title='bbox 957 1732 983 1758; x_wconf 91' lang='lat' dir='ltr'>n</span> <span class='ocrx_word' id='word_1_108' title='bbox 995 1732 1018 1759; x_wconf 92' lang='lat' dir='ltr'>a</span> <span class='ocrx_word' id='word_1_109' title='bbox 1029 1722 1045 1759; x_wconf 90' lang='lat' dir='ltr'>t</span> <span class='ocrx_word' id='word_1_110' title='bbox 1056 1733 1081 1759; x_wconf 90' lang='lat' dir='ltr'>u</span> <span class='ocrx_word' id='word_1_111' title='bbox 1093 1733 1123 1758; x_wconf 90' lang='lat' dir='ltr'>s.</span> 
     </span>
    </p>
   </div>
   <div class='ocr_carea' id='block_1_7' title="bbox 273 1785 1640 1840">
    <p class='ocr_par' dir='ltr' id='par_1_10' title="bbox 273 1785 1640 1840">
     <span class='ocr_line' id='line_1_24' title="bbox 273 1785 1640 1840; baseline 0.001 -15"><span class='ocrx_word' id='word_1_112' title='bbox 273 1785 376 1832; x_wconf 86' lang='lat' dir='ltr'>Quis</span> <span class='ocrx_word' id='word_1_113' title='bbox 405 1800 471 1826; x_wconf 88' lang='lat' dir='ltr'>me</span> <span class='ocrx_word' id='word_1_114' title='bbox 502 1787 759 1840; x_wconf 86' lang='lat' dir='ltr'>apprehensa</span> <span class='ocrx_word' id='word_1_115' title='bbox 787 1800 910 1828; x_wconf 86' lang='lat' dir='ltr'>manu</span> <span class='ocrx_word' id='word_1_116' title='bbox 941 1788 1127 1828; x_wconf 64' lang='lat' dir='ltr'>erexit?</span> <span class='ocrx_word' id='word_1_117' title='bbox 1167 1786 1270 1833; x_wconf 82' lang='lat' dir='ltr'>Quis</span> <span class='ocrx_word' id='word_1_118' title='bbox 1307 1799 1462 1836; x_wconf 85' lang='lat' dir='ltr'>vocem,</span> <span class='ocrx_word' id='word_1_119' title='bbox 1500 1787 1547 1826; x_wconf 81' lang='lat' dir='ltr'>ut</span> <span class='ocrx_word' id='word_1_120' title='bbox 1575 1798 1640 1826; x_wconf 86' lang='lat' dir='ltr'>re-</span> 
     </span>
    </p>
   </div>
   <div class='ocr_carea' id='block_1_8' title="bbox 271 1856 1101 1953">
    <p class='ocr_par' dir='ltr' id='par_1_11' title="bbox 271 1856 1101 1953">
     <span class='ocr_line' id='line_1_25' title="bbox 271 1856 672 1907; baseline 0.005 -14"><span class='ocrx_word' id='word_1_121' title='bbox 271 1868 498 1907; x_wconf 81' lang='lat' dir='ltr'>surgerem,</span> <span class='ocrx_word' id='word_1_122' title='bbox 530 1856 672 1895; x_wconf 77' lang='lat' dir='ltr'>dedit?</span> 
     </span>
     <span class='ocr_line' id='line_1_26' title="bbox 812 1913 1101 1953; baseline -0.003 0"><span class='ocrx_word' id='word_1_123' title='bbox 812 1913 1101 1953; x_wconf 73' lang='lat' dir='ltr'>Johannes</span> 
     </span>
    </p>
   </div>
   <div class='ocr_carea' id='block_1_9' title="bbox 270 1968 1124 2066">
    <p class='ocr_par' dir='ltr' id='par_1_12' title="bbox 270 1968 1124 2066">
     <span class='ocr_line' id='line_1_27' title="bbox 270 1968 484 2009; baseline -0.005 0"><span class='ocrx_word' id='word_1_124' title='bbox 270 1968 484 2009; x_wconf 82' lang='lat' dir='ltr'>Drusiana.</span> 
     </span>
     <span class='ocr_line' id='line_1_28' title="bbox 777 2027 1124 2066; baseline 0 0"><span class='ocrx_word' id='word_1_125' title='bbox 777 2027 810 2066; x_wconf 81' lang='lat' dir='ltr'>F</span> <span class='ocrx_word' id='word_1_126' title='bbox 824 2040 846 2066; x_wconf 93' lang='lat'>0</span> <span class='ocrx_word' id='word_1_127' title='bbox 859 2030 943 2066; x_wconf 90' lang='lat' dir='ltr'>rtu</span> <span class='ocrx_word' id='word_1_128' title='bbox 955 2029 1124 2066; x_wconf 85' lang='lat' dir='ltr'>natus.</span> 
     </span>
    </p>
   </div>
   <div class='ocr_carea' id='block_1_10' title="bbox 269 2093 976 2135">
    <p class='ocr_par' dir='ltr' id='par_1_13' title="bbox 269 2093 976 2135">
     <span class='ocr_line' id='line_1_29' title="bbox 269 2093 976 2135; baseline 0 -1"><span class='ocrx_word' id='word_1_129' title='bbox 269 2093 378 2134; x_wconf 72' lang='lat' dir='ltr'>Num</span> <span class='ocrx_word' id='word_1_130' title='bbox 407 2107 472 2134; x_wconf 88' lang='lat' dir='ltr'>me</span> <span class='ocrx_word' id='word_1_131' title='bbox 502 2094 717 2135; x_wconf 77' lang='lat' dir='ltr'>suscitavit</span> <span class='ocrx_word' id='word_1_132' title='bbox 745 2094 976 2135; x_wconf 79' lang='lat' dir='ltr'>Drusiana?</span> 
     </span>
    </p>
   </div>
   <div class='ocr_carea' id='block_1_11' title="bbox 269 2163 1121 2317">
    <p class='ocr_par' dir='ltr' id='par_1_14' title="bbox 269 2163 1121 2317">
     <span class='ocr_line' id='line_1_30' title="bbox 804 2163 1092 2204; baseline -0.003 0"><span class='ocrx_word' id='word_1_133' title='bbox 804 2163 1092 2204; x_wconf 61' lang='lat' dir='ltr'>Johannes</span> 
     </span>
     <span class='ocr_line' id='line_1_31' title="bbox 269 2218 377 2272; baseline 0.009 -14"><span class='ocrx_word' id='word_1_134' title='bbox 269 2218 377 2272; x_wconf 82' lang='lat' dir='ltr'>Ipsa.</span> 
     </span>
     <span class='ocr_line' id='line_1_32' title="bbox 775 2277 1121 2317; baseline -0.003 0"><span class='ocrx_word' id='word_1_135' title='bbox 775 2277 1121 2317; x_wconf 72' lang='lat' dir='ltr'>Fortunatus</span> 
     </span>
    </p>
   </div>
   <div class='ocr_carea' id='block_1_12' title="bbox 267 2343 1636 2398">
    <p class='ocr_par' dir='ltr' id='par_1_15' title="bbox 267 2343 1636 2398">
     <span class='ocr_line' id='line_1_33' title="bbox 267 2343 1636 2398; baseline 0 -14"><span class='ocrx_word' id='word_1_136' title='bbox 267 2343 413 2385; x_wconf 70' lang='lat' dir='ltr'>&#39;Nonne</span> <span class='ocrx_word' id='word_1_137' title='bbox 445 2346 540 2383; x_wconf 86' lang='lat' dir='ltr'>ante</span> <span class='ocrx_word' id='word_1_138' title='bbox 562 2345 715 2397; x_wconf 82' lang='lat' dir='ltr'>aliquot</span> <span class='ocrx_word' id='word_1_139' title='bbox 735 2345 822 2385; x_wconf 87' lang='lat' dir='ltr'>dies</span> <span class='ocrx_word' id='word_1_140' title='bbox 837 2346 1044 2398; x_wconf 81' lang='lat' dir='ltr'>inprovisa</span> <span class='ocrx_word' id='word_1_141' title='bbox 1060 2348 1189 2386; x_wconf 85' lang='lat' dir='ltr'>morte</span> <span class='ocrx_word' id='word_1_142' title='bbox 1214 2345 1350 2385; x_wconf 86' lang='lat' dir='ltr'>suerat</span> <span class='ocrx_word' id='word_1_143' title='bbox 1370 2344 1636 2398; x_wconf 80' lang='lat' dir='ltr'>consumpta?</span> 
     </span>
    </p>
   </div>
   <div class='ocr_carea' id='block_1_13' title="bbox 267 2414 1093 2511">
    <p class='ocr_par' dir='ltr' id='par_1_16' title="bbox 267 2414 1093 2511">
     <span class='ocr_line' id='line_1_34' title="bbox 802 2414 1093 2455; baseline 0 -1"><span class='ocrx_word' id='word_1_144' title='bbox 802 2414 1093 2455; x_wconf 61' lang='lat' dir='ltr'>Johannes</span> 
     </span>
     <span class='ocr_line' id='line_1_35' title="bbox 267 2468 728 2511; baseline 0 0"><span class='ocrx_word' id='word_1_145' title='bbox 267 2471 324 2511; x_wconf 88' lang='lat' dir='ltr'>At</span> <span class='ocrx_word' id='word_1_146' title='bbox 352 2469 456 2510; x_wconf 81' lang='lat' dir='ltr'>vivit</span> <span class='ocrx_word' id='word_1_147' title='bbox 484 2469 525 2509; x_wconf 90' lang='lat' dir='ltr'>in</span> <span class='ocrx_word' id='word_1_148' title='bbox 556 2468 728 2511; x_wconf 87' lang='lat' dir='ltr'>Christo.</span> 
     </span>
    </p>
   </div>
   <div class='ocr_carea' id='block_1_14' title="bbox 297 2574 413 2581">
    <p class='ocr_par' dir='ltr' id='par_1_17' title="bbox 297 2574 413 2581">
     <span class='ocr_line' id='line_1_36' title="bbox 297 2574 413 2581; baseline 0 0"><span class='ocrx_word' id='word_1_149' title='bbox 297 2574 413 2581; x_wconf 95' lang='lat' dir='ltr'> </span> 
     </span>
    </p>
   </div>
   <div class='ocr_carea' id='block_1_15' title="bbox 301 2626 1635 2702">
    <p class='ocr_par' dir='ltr' id='par_1_18' title="bbox 301 2626 1635 2702">
     <span class='ocr_line' id='line_1_37' title="bbox 301 2626 1635 2664; baseline -0.002 -9"><span class='ocrx_word' id='word_1_150' title='bbox 301 2626 352 2663; x_wconf 80' lang='lat'>51)</span> <span class='ocrx_word' id='word_1_151' title='bbox 373 2628 437 2654; x_wconf 68' lang='lat' dir='ltr'>:ine</span> <span class='ocrx_word' id='word_1_152' title='bbox 460 2627 581 2654; x_wconf 75' lang='lat' dir='ltr'>materia</span> <span class='ocrx_word' id='word_1_153' title='bbox 601 2629 635 2653; x_wconf 80' lang='lat' dir='ltr'>et</span> <span class='ocrx_word' id='word_1_154' title='bbox 654 2626 764 2662; x_wconf 77' lang='lat' dir='ltr'>forma,</span> <span class='ocrx_word' id='word_1_155' title='bbox 792 2626 843 2664; x_wconf 79' lang='lat' dir='ltr'>S.;</span> <span class='ocrx_word' id='word_1_156' title='bbox 864 2628 1051 2656; x_wconf 75' lang='lat' dir='ltr'>materiae</span> <span class='ocrx_word' id='word_1_157' title='bbox 1078 2629 1181 2662; x_wconf 78' lang='lat' dir='ltr'>forma,</span> <span class='ocrx_word' id='word_1_158' title='bbox 1209 2626 1282 2663; x_wconf 78' lang='lat' dir='ltr'>Mg.‚</span> <span class='ocrx_word' id='word_1_159' title='bbox 1310 2626 1374 2654; x_wconf 73' lang='lat' dir='ltr'>dien</span> <span class='ocrx_word' id='word_1_160' title='bbox 1394 2627 1444 2654; x_wconf 71' lang='lat' dir='ltr'>fiir</span> <span class='ocrx_word' id='word_1_161' title='bbox 1463 2626 1512 2654; x_wconf 76' lang='lat' dir='ltr'>dle</span> <span class='ocrx_word' id='word_1_162' title='bbox 1530 2627 1635 2655; x_wconf 69' lang='lat' dir='ltr'>Leuat-2</span> 
     </span>
     <span class='ocr_line' id='line_1_38' title="bbox 371 2673 664 2702; baseline -0.003 -2"><span class='ocrx_word' id='word_1_163' title='bbox 371 2674 423 2700; x_wconf 74' lang='lat' dir='ltr'>de·</span> <span class='ocrx_word' id='word_1_164' title='bbox 441 2673 512 2700; x_wconf 79' lang='lat' dir='ltr'>eod.</span> <span class='ocrx_word' id='word_1_165' title='bbox 533 2673 664 2702; x_wconf 78' lang='lat' dir='ltr'>hanend.</span> 
     </span>
    </p>
   </div>
   <div class='ocr_carea' id='block_1_16' title="bbox 1666 2620 1675 2661">
    <p class='ocr_par' dir='ltr' id='par_1_19' title="bbox 1666 2620 1675 2661">
     <span class='ocr_line' id='line_1_39' title="bbox 1666 2620 1675 2661; baseline 0 -4"><span class='ocrx_word' id='word_1_166' title='bbox 1666 2620 1675 2661; x_wconf 63' lang='lat' dir='ltr'>J</span> 
     </span>
    </p>
   </div>
  </div>
 </body>
</html>
