1702 2939
791 229 1106 274 —180-

839 347 1056 388 Milites.

263 404 478 447 Credibile.

810 462 845 502 D
859 477 883 502 u
895 463 907 501 l
919 475 938 502 c
952 463 963 501 i
976 466 991 501 t
1003 463 1014 501 i
1028 476 1051 501 u
1067 476 1097 501 s.

265 531 477 571 Exaestuo
509 531 600 570 illas
631 531 683 570 ad
711 531 790 570 mei
821 544 998 570 amorem
1030 531 1205 570 trahere.

839 599 1055 639 Milites.

260 669 505 719 Diffidimus‚
536 671 578 709 te
608 668 861 722 praevalere.

808 736 1094 776 Dulcitius.

261 795 435 842 Quare?

837 849 1054 890 Milites.

260 921 369 968 Quia
399 921 566 960 stabiles
598 920 687 960 fide.

799 987 1084 1027 Dulcitius.

259 1058 381 1107 Quid,
413 1058 445 1097 si
477 1057 672 1097 suadeam
703 1056 1021 1096 blandimentis?

834 1125 1058 1165 Milites,

259 1194 643 1249 Contempnunt.¹³)
802 1252 836 1290 D
888 1252 899 1290 l
949 1252 1006 1291 ‘t-

850 1266 875 1290 u
914 1265 957 1291 οι
997 1265 1092 1291 ius.

261 1321 383 1369 Quid,
415 1322 448 1361 si
479 1324 657 1361 terream
688 1321 930 1374 suppliciis?

835 1389 878 1428 M
891 1389 924 1428 il
937 1390 948 1427 i
962 1391 1009 1429 te
1022 1403 1052 1428 s.

255 1459 381 1500 Parvi
411 1459 607 1512 pendunt.

802 1514 1083 1554 Dulcitius.

253 1584 308 1624 Et
339 1585 435 1638 quid
467 1585 570 1625 fiet?

828 1639 1051 1680 Milites.

253 1699 508 1751 Praecogita.

790 1754 1076 1794 Dulcitius.

253 1824 400 1865 Ponite
432 1824 523 1863 illas
554 1824 595 1863 in
638 1823 873 1871 custodiam,
904 1824 946 1862 in
985 1824 1222 1864 interiorem
1253 1823 1436 1865 officinae
1467 1825 1623 1876 aedem,

251 1893 293 1932 in
325 1895 441 1945 eujus
472 1893 656 1946 proaulio
686 1893 963 1932 ministrorum
993 1897 1212 1933 servantur
1241 1905 1352 1934 vasa.

827 1959 1052 2000 Milites.

255 2029 313 2071 Ut
342 2029 440 2083 quid
471 2042 518 2070 eo
548 2029 658 2069 loci?

787 2097 1076 2138 Dulcitius.

255 2165 348 2211 Quo
380 2178 403 2205 a
433 2179 498 2206 me
529 2166 787 2220 saepiuscule
818 2167 975 2219 possint
995 2165 1044 2219 ¹⁴¹)
1076 2167 1243 2208 visitari.

826 2234 1047 2275 Milites.

248 2290 306 2332 Ut
330 2292 469 2344 jubes,

784 2417 1078 2458 Dulcitius.

255 2483 365 2530 Quid
395 2487 523 2537 agant
541 2484 590 2538 ¹⁵)
622 2485 809 2539 captivae
840 2488 914 2526 sub
945 2487 1021 2526 hoo
1051 2487 1181 2526 noctis
1210 2488 1428 2542 tempore?

284 2653 332 2689 13,
349 2653 618 2689 Contemnunt,
638 2654 680 2689 C.,
700 2653 731 2683 S.
753 2662 783 2682 u.
800 2654 859 2689 ΜΒ.
899 2655 948 2691 14)
967 2657 1083 2690 possint
1101 2657 1242 2692 videri,
1262 2657 1334 2687 (λιι.
1349 2656 1379 2686 S.
1419 2658 1468 2694 15)
1486 2658 1619 2691 agunt,

348 2699 391 2735 P„
413 2699 444 2727 C.
464 2709 493 2728 u.
512 2699 545 2727 S.
568 2700 658 2735 vergi.
679 2701 708 2727 S.
733 2702 789 2729 181.
808 2699 885 2728 Quid
907 2706 1054 2736 strepat..
1068 2719 1076 2729 .
