1702 2939
771 202 1055 247 ...20-

347 319 564 361 Pontifices
595 322 733 374 templi
762 323 880 375 pretii
912 336 991 362 non
1021 334 1189 361 munere
1219 321 1345 374 parci,

238 388 331 429 380.
350 389 515 430 Vellent
544 392 796 443 praeclaram
825 405 902 443 quo
934 391 1148 443 disponare
1179 389 1350 429 Mariam

354 458 490 511 Ipsius
521 460 689 511 egregio
720 460 843 510 legali
876 460 1038 499 foedere.
1070 464 1174 498 nato.

353 526 472 572 Quod
503 528 590 567 fieri
620 541 718 567 vero
746 530 932 581 prohibet
962 528 1204 579 virguncula
1235 529 1358 573 casta,

348 596 509 649 Inclyta
540 597 691 648 regalis
721 611 919 649 spernens
951 597 1152 636 consortia
1185 596 1332 648 stirpis.

349 663 402 704 Se
434 678 592 717 quoque
623 666 823 704 finetenus
855 669 1027 704 testatur
1058 665 1190 703 nobile
1222 677 1368 716 corpus

244 730 339 772 385.
355 731 456 785 Ejus
487 735 674 786 conjugio
705 739 892 787 percerte
924 734 1097 772 subdere
1128 734 1249 772 nullo.

346 801 459 841 Talia
489 804 698 855 pontifices
729 804 792 842 cui
822 817 916 842 mox
949 803 1091 842 dixere
1122 805 1330 855 potentes:

404 871 574 919 „Nonne
607 871 717 910 Deus
750 872 894 911 colitur
924 872 1127 923 digneque
1158 874 1303 923 potens
1333 871 1556 908 veneratur

347 939 419 987 „In
451 941 579 992 plebis
611 940 737 979 Iudae
770 941 893 991 legali
923 940 1192 992 posteritate?

345 1008 456 1056 „Neo
486 1009 604 1048 decet
634 1010 841 1061 innuptam
873 1009 993 1048 talem
1024 1021 1235 1048 remanere
1265 1007 1452 1060 puellam.

232 1074 325 1115 390.
344 1076 446 1121 Quis
478 1082 667 1116 constans
698 1078 828 1116 animo
859 1078 1068 1129 respondit
1097 1078 1193 1116 talia
1225 1076 1373 1127 Virgo:

345 1144 473 1193 „Nam
504 1145 614 1184 Deus
645 1146 684 1184 in
716 1147 864 1198 templo
896 1146 1049 1196 gaudet
1079 1145 1344 1197 requiescere
1376 1143 1534 1191 mundo,

344 1212 575 1261 „Mentibus
606 1220 647 1253 et
678 1215 831 1262 sobriis,
863 1228 938 1253 nec
969 1215 1196 1253 delectatur
1226 1214 1266 1252 in
1296 1213 1386 1261 illis,

348 1281 549 1330 „Crimine
582 1296 681 1334 quos
712 1295 860 1334 magno
890 1283 1065 1322 maculat
1094 1283 1247 1322 lasciva
1277 1281 1408 1321 libido.

345 1349 539 1398 ‚‚Seimus,
570 1352 675 1390 Abel
707 1352 869 1403 duplam
899 1352 1042 1390 merito
1083 1351 1302 1403 sumpsisse
1333 1361 1532 1396 eoronam,

231 1415 324 1458 395.
342 1418 448 1467 „Qui
479 1420 630 1472 primus
659 1420 807 1459 mundo
834 1421 968 1471 justus
1000 1421 1134 1458 suerat
1163 1419 1423 1472 p1·.;toplasto,

342 1487 500 1536 „Unam
529 1489 723 1541 martyrii,
755 1489 892 1527 fratris
919 1489 968 1527 de
1000 1489 1124 1527 caede
1150 1489 1315 1541 peracti,

346 1557 506 1608 „Atque
537 1557 666 1608 magis
697 1557 863 1596 nitidam
894 1570 966 1610 per
996 1557 1271 1607 virginitatem
1301 1554 1531 1595 secundam.

342 1624 590 1673 „Gi-edimus,
622 1625 784 1664 Heliam
815 1626 970 1665 eoelum
1010 1626 1176 1678 petiisse
1208 1628 1423 1671 secretum,

348 1692 552 1748 „Corpore
584 1708 673 1734 eum
703 1708 801 1733 vero
833 1695 980 1733 mansit
1010 1695 1103 1746 quia
1132 1695 1250 1745 virgo
1286 1695 1474 1746 potenter

230 1759 323 1800 400.
341 1762 453 1810 „Nee
484 1776 629 1816 corpus
660 1764 827 1802 maculis
857 1775 1045 1815 umquam
1075 1762 1242 1802 violavit
1272 1762 1430 1801 amaris.

342 1830 482 1879 „Haec
513 1832 643 1879 didici,
675 1838 786 1871 certe
817 1833 921 1883 legis
952 1832 1108 1870 ratione
1141 1831 1325 1878 docente,

345 1898 423 1947 „Et
452 1900 611 1939 discens
642 1901 772 1940 animo
802 1900 991 1939 mandavi
1022 1899 1163 1938 sedula
1193 1899 1286 1947 fixo,

344 1966 518 2019 „Meque
549 1969 772 2021 puellarem
803 1969 898 2007 novi
927 1969 1104 2007 retinere
1136 1967 1369 2020 pudorem.“

398 2026 617 2088 Postquam
646 2038 706 2076 bis
737 2043 892 2089 septem
924 2042 1027 2076 totos
1059 2037 1338 2089 compleverat
1366 2048 1504 2082 annos,

231 2100 324 2145 405.
341 2103 431 2143 Non
462 2105 536 2144 hoc
568 2119 657 2144 esse
688 2106 750 2145 sui
779 2106 911 2152 moris,
943 2106 1079 2144 dicunt
1107 2104 1326 2153 Pharisaei,

342 2172 501 2212 Aetatis
532 2179 668 2213 tantae
699 2175 804 2226 quod
835 2175 961 2214 vellet
990 2175 1107 2225 virgo
1137 2186 1313 2213 manere.

342 2240 440 2280 Post
470 2242 569 2281 haec
599 2243 638 2281 in
670 2243 818 2295 templo
848 2243 1004 2282 Domini
1037 2244 1109 2282 sub
1141 2243 1292 2282 honore
1323 2243 1480 2282 sacrato

341 2308 623 2350 Decreverunt
652 2312 842 2364 populum
872 2324 1115 2350 coneurerre
1146 2314 1345 2358 cunctum,

342 2377 397 2419 Ut
426 2380 578 2431 pariter
607 2384 759 2419 tantam
789 2384 1034 2432 temptarent
1064 2380 1232 2419 volvere
1263 2391 1435 2418 causam.

229 2445 323 2487 410.
353 2445 408 2487 Et
437 2461 528 2487 cum
557 2449 630 2487 sub
661 2448 778 2487 tectis
810 2448 948 2500 templi
978 2448 1220 2487 consisteret
1249 2448 1388 2497 omnis,

868 2511 879 2524 1

263 2629 323 2657 380.
344 2630 596 2664 desponsare,
623 2627 654 2656 C.
683 2636 712 2656 u.
732 2628 786 2665 P.;
817 2628 907 2664 vergi.
932 2628 1038 2663 Paneg.
1070 2628 1180 2656 Oddon.
1204 2627 1258 2657 1⁴4.
1310 2628 1372 2658 ³93.
1395 2628 1576 2663 lascivia,

351 2674 390 2702 Μ.
410 2683 439 2704 u.
461 2675 493 2704 P.
529 2675 590 2702 408.
608 2673 690 2701 Μοι
708 2675 911 2708 decreverunt,
931 2674 960 2702 C.
983 2683 1011 2702 u.
1031 2673 1061 2703 S.
