1702 2939
805 271 1090 313 „06—

377 381 520 434 Deque
551 385 764 436 profanato
796 399 932 426 50011111
965 389 1132 426 sordere
1161 388 1322 427 sacello,

428 451 590 503 Agmen
623 454 694 493 sod
726 459 923 500 teum-uui,
949 443 1108 495 Plu-isio
1141 461 1302 509 pastore
1321 457 1558 508 regendum,

376 517 538 559 Iussum
569 516 755 575 perversi
787 525 943 577 respuit
975 539 1068 564 mox
1101 525 1217 564 triste
1250 525 1426 578 tyranni,

373 587 523 629 Dic-eus
554 592 677 630 malle
709 593 822 638 mori,
857 594 987 643 legi-111
1020 606 1181 646 quoque
1213 600 1341 632 morte
1373 593 1492 639 tueri,

295 658 360 699 45.
386 657 539 698 Vivere
572 673 691 712 quam
722 661 858 707 stulte,
891 663 1017 700 sacris
1052 662 1284 700 famulando
1316 661 1500 701 novellis.

373 727 475 774 Quo,
507 742 594 776 rex,
626 735 844 782 comperto,
875 743 954 769 non
986 732 1138 782 absque
1171 731 1232 769 sui
1263 730 1349 769 fore
1381 730 1537 778 damno,

374 796 523 845 Sensit,
553 798 586 836 si
617 799 772 836 cunetis
804 799 956 850 paritor
987 799 1223 851 praedivitis
1255 799 1378 847 urbis,

375 866 507 912 Quam
538 868 681 905 crebro
718 867 878 905 validae
911 867 1018 919 oepit
1048 867 1266 906 luctamine
1297 879 1481 920 pugnae,

372 932 538 974 Civibus
570 936 771 974 excidium
804 936 943 974 mortis
976 936 1183 974 conferret
1214 948 1405 975 amarum.

285 1000 350 1041 50.
373 1001 434 1042 Ob
466 1005 572 1056 quod
604 1005 824 1052 decretum,
857 1005 968 1057 prius
1001 1003 1246 1043 immutando
1278 1007 1486 1052 statutum,

373 1070 519 1112 Sanxit
549 1085 645 1112 mox
675 1073 822 1124 legem,
854 1073 1024 1124 vulgato
1056 1073 1425 1130 dogmateutalem,

370 1141 435 1189 Ut,
468 1142 648 1193 quisquis
679 1141 767 1192 regi
797 1141 939 1180 mallet
966 1142 1122 1180 servire
1153 1141 1323 1194 perenni

368 1209 421 1249 Et
451 1214 613 1264 patrum
642 1222 776 1248 mores
808 1209 901 1248 olim
931 1222 1101 1248 servare
1132 1210 1286 1258 fideles,

367 1278 456 1317 1100
488 1279 645 1318 fas-eret
677 1279 795 1326 licito,
827 1279 939 1317 nulla
968 1283 1060 1330 post
1089 1278 1250 1317 vindice
1280 1291 1424 1331 poena,

278 1345 343 1386 55.
364 1346 453 1387 Hac
485 1349 613 1387 solum
647 1353 764 1386 caute
795 1353 960 1386 servata
992 1347 1233 1395 conditione,

367 1416 430 1456 Ne
462 1417 552 1469 quis
584 1418 795 1470 praefatae
827 1416 926 1455 civis
957 1417 1239 1469 praesumeret
1269 1415 1380 1454 urbis

364 1484 483 1526 Ultra
513 1485 797 1538 blasphemare
828 1485 915 1531 diis,
947 1497 1045 1523 auro
1077 1484 1296 1533 fabricatis,

365 1554 479 1598 Quos
499 1554 690 1606 princeps
711 1554 876 1601 coleret,
898 1558 1103 1606 sceptrum
1123 1554 1364 1605 quicumque
1385 1555 1557 1599 teneret,

365 1620 447 1660 Seu
478 1628 600 1675 caput
630 1624 776 1662 exacto
807 1622 924 1661 eitius
956 1623 1206 1674 subjungere
1237 1622 1346 1661 ferro

277 1688 342 1729 60.
362 1689 415 1729 Et
446 1691 730 1730 sententiolam
759 1691 830 1730 leti
861 1691 1048 1743 perferre
1079 1703 1319 1744 supremam.

414 1758 490 1798 His
521 1760 577 1798 ita
608 1759 791 1812 digestis,
824 1760 1010 1798 simulata
1040 1773 1142 1813 paee
1173 1759 1339 1811 quievit,

363 1828 520 1868 Obruta
550 1829 660 1868 mille
690 1829 806 1868 malis
838 1829 958 1867 toties
989 1830 1085 1867 urbs
1117 1841 1262 1882 nempe
1293 1826 1435 1867 fidelis.

364 1897 445 1936 Sed
477 1898 510 1936 si
541 1911 641 1950 quos
672 1898 778 1949 ignis
811 1897 959 1935 Christi
991 1897 1195 1936 succensit
1225 1895 1372 1935 amoris

359 1965 631 2018 Martyriique
662 1966 760 2004 satis
792 1966 919 2004 suasit
951 1978 1210 2018 eorrumpere
1243 1964 1360 2003 dietis

273 2032 339 2072 65.
362 2033 579 2082 Marmora,
606 2047 709 2086 quae
727 2034 928 2087 princeps,
961 2040 1144 2087 comptus
1169 2033 1409 2081 diademate,
1436 2032 1611 2084 supplex

359 2102 538 2155 Corpore
568 2106 770 2156 prostrato
802 2109 1023 2141 veneratur
1054 2105 1146 2141 ture
1177 2103 1337 2150 sabaeo,

356 2171 444 2210 Hos
476 2172 619 2224 capitis
650 2172 781 2211 subito
815 2171 1051 2223 dampnavit
1082 2171 1259 2223 denique
1289 2182 1443 2224 poena3

357 2238 439 2279 Sed
470 2253 640 2292 superos
671 2241 827 2279 animae
858 2240 1075 2292 petierunt,
1108 2239 1307 2291 sanguine
1336 2238 1456 2279 lotae.

409 2307 579 2347 (fasibus
610 2310 671 2348 1115
701 2310 841 2362 plures
872 2309 1066 2348 volvebat
1095 2306 1286 2347 Corduba
1314 2307 1434 2355 soles,

271 2372 334 2414 70.
355 2374 525 2415 Subdita
555 2390 629 2429 per
659 2378 826 2429 longum
856 2377 1027 2430 paganis
1057 2376 1225 2428 regibus
1255 2389 1414 2425 aevum,

356 2443 495 2483 Donec
527 2446 599 2483 sub
632 2447 782 2485 nostris
813 2445 975 2496 quidam
1005 2445 1056 2483 de
1087 2445 1270 2497 germine
1302 2444 1412 2495 regis

353 2511 618 2565 Temporibus
649 2526 822 2565 regnum
854 2514 1033 2566 suscepit
1063 2515 1167 2553 sorte
1198 2515 1424 2566 parentum.

408 2580 597 2620 Deterior
627 2583 823 2634 patribus,
855 2582 956 2620 luxu
987 2583 1121 2621 earnis
1151 2582 1389 2630 maculatus,

270 2751 314 2779 66.
335 2727 631 2784 prae-usupra,
652 2748 692 2778 M.
713 2758 742 2778 u.
761 2749 793 2779 P.
829 2751 872 2778 63.
893 2751 1211 2784 succendit‚c.u.
1231 2750 1260 2779 S.
1297 2751 1340 2779 72.
1361 2745 1598 2784 forte,c.u.S.
