<?xml version="1.0" encoding="UTF-8"?>
<!DOCTYPE html PUBLIC "-//W3C//DTD XHTML 1.0 Transitional//EN"
    "http://www.w3.org/TR/xhtml1/DTD/xhtml1-transitional.dtd">
<html xmlns="http://www.w3.org/1999/xhtml" xml:lang="en" lang="en">
 <head>
  <title>
</title>
<meta http-equiv="Content-Type" content="text/html;charset=utf-8" />
  <meta name='ocr-system' content='tesseract 3.04.00' />
  <meta name='ocr-capabilities' content='ocr_page ocr_carea ocr_par ocr_line ocrx_word'/>
</head>
<body>
  <div class='ocr_page' id='page_1' title='image "./diewerke00hrotuoft_0323.png"; bbox 0 0 1702 2939; ppageno 0'>
   <div class='ocr_carea' id='block_1_1' title="bbox 620 212 938 256">
    <p class='ocr_par' dir='ltr' id='par_1_1' title="bbox 620 212 938 256">
     <span class='ocr_line' id='line_1_1' title="bbox 620 212 938 256; baseline 0 -1"><span class='ocrx_word' id='word_1_1' title='bbox 620 212 938 256; x_wconf 80' lang='lat'>—245—</span> 
     </span>
    </p>
   </div>
   <div class='ocr_carea' id='block_1_2' title="bbox 78 330 1058 636">
    <p class='ocr_par' dir='ltr' id='par_1_2' title="bbox 78 330 1058 636">
     <span class='ocr_line' id='line_1_2' title="bbox 625 330 908 383; baseline -0.004 -13"><span class='ocrx_word' id='word_1_2' title='bbox 625 330 718 370; x_wconf 91' lang='lat' dir='ltr'>Dis</span> <span class='ocrx_word' id='word_1_3' title='bbox 734 330 816 383; x_wconf 87' lang='lat' dir='ltr'>cip</span> <span class='ocrx_word' id='word_1_4' title='bbox 829 343 855 369; x_wconf 95' lang='lat' dir='ltr'>u</span> <span class='ocrx_word' id='word_1_5' title='bbox 867 330 908 369; x_wconf 93' lang='lat' dir='ltr'>li.</span> 
     </span>
     <span class='ocr_line' id='line_1_3' title="bbox 79 399 1058 454; baseline -0.002 -12"><span class='ocrx_word' id='word_1_6' title='bbox 79 401 140 443; x_wconf 78' lang='lat' dir='ltr'>Sit</span> <span class='ocrx_word' id='word_1_7' title='bbox 169 401 268 442; x_wconf 85' lang='lat' dir='ltr'>satis</span> <span class='ocrx_word' id='word_1_8' title='bbox 299 401 350 440; x_wconf 89' lang='lat' dir='ltr'>de</span> <span class='ocrx_word' id='word_1_9' title='bbox 381 400 472 450; x_wconf 81' lang='lat' dir='ltr'>ista,</span> <span class='ocrx_word' id='word_1_10' title='bbox 503 412 755 454; x_wconf 82' lang='lat' dir='ltr'>prosequere</span> <span class='ocrx_word' id='word_1_11' title='bbox 788 399 838 438; x_wconf 89' lang='lat' dir='ltr'>de</span> <span class='ocrx_word' id='word_1_12' title='bbox 870 399 1058 440; x_wconf 88' lang='lat' dir='ltr'>humana.</span> 
     </span>
     <span class='ocr_line' id='line_1_4' title="bbox 596 468 949 522; baseline 0.003 -15"><span class='ocrx_word' id='word_1_13' title='bbox 596 468 628 507; x_wconf 80' lang='lat' dir='ltr'><strong>P</strong></span> <span class='ocrx_word' id='word_1_14' title='bbox 642 481 665 508; x_wconf 88' lang='lat' dir='ltr'>a</span> <span class='ocrx_word' id='word_1_15' title='bbox 676 482 702 522; x_wconf 92' lang='lat' dir='ltr'>p</span> <span class='ocrx_word' id='word_1_16' title='bbox 713 469 741 507; x_wconf 93' lang='lat' dir='ltr'>h</span> <span class='ocrx_word' id='word_1_17' title='bbox 750 481 778 507; x_wconf 91' lang='lat' dir='ltr'>n</span> <span class='ocrx_word' id='word_1_18' title='bbox 787 481 815 506; x_wconf 93' lang='lat' dir='ltr'>u</span> <span class='ocrx_word' id='word_1_19' title='bbox 826 470 842 507; x_wconf 86' lang='lat' dir='ltr'>t</span> <span class='ocrx_word' id='word_1_20' title='bbox 854 468 867 508; x_wconf 92' lang='lat' dir='ltr'>i</span> <span class='ocrx_word' id='word_1_21' title='bbox 881 482 908 507; x_wconf 93' lang='lat' dir='ltr'>u</span> <span class='ocrx_word' id='word_1_22' title='bbox 919 482 949 508; x_wconf 91' lang='grc'>3.</span> 
     </span>
     <span class='ocr_line' id='line_1_5' title="bbox 78 526 401 574; baseline -0.006 -7"><span class='ocrx_word' id='word_1_23' title='bbox 78 527 186 574; x_wconf 83' lang='lat' dir='ltr'>Quid</span> <span class='ocrx_word' id='word_1_24' title='bbox 217 527 268 566; x_wconf 90' lang='lat' dir='ltr'>de</span> <span class='ocrx_word' id='word_1_25' title='bbox 298 526 368 566; x_wconf 86' lang='lat' dir='ltr'>illa</span> <span class='ocrx_word' id='word_1_26' title='bbox 381 527 401 566; x_wconf 65' lang='grc' dir='ltr'>ἱ)</span> 
     </span>
     <span class='ocr_line' id='line_1_6' title="bbox 624 583 906 636; baseline 0 -14"><span class='ocrx_word' id='word_1_27' title='bbox 624 583 660 622; x_wconf 92' lang='lat' dir='ltr'>D</span> <span class='ocrx_word' id='word_1_28' title='bbox 671 583 684 622; x_wconf 93' lang='lat' dir='ltr'>i</span> <span class='ocrx_word' id='word_1_29' title='bbox 696 596 714 622; x_wconf 90' lang='lat' dir='ltr'>s</span> <span class='ocrx_word' id='word_1_30' title='bbox 727 583 772 622; x_wconf 89' lang='lat' dir='ltr'>ci</span> <span class='ocrx_word' id='word_1_31' title='bbox 784 597 808 636; x_wconf 89' lang='lat' dir='ltr'><strong>p</strong></span> <span class='ocrx_word' id='word_1_32' title='bbox 817 596 845 622; x_wconf 92' lang='lat' dir='ltr'>u</span> <span class='ocrx_word' id='word_1_33' title='bbox 857 583 871 622; x_wconf 99' lang='grc'>1</span> <span class='ocrx_word' id='word_1_34' title='bbox 882 583 906 622; x_wconf 92' lang='lat' dir='ltr'>i.</span> 
     </span>
    </p>
   </div>
   <div class='ocr_carea' id='block_1_3' title="bbox 75 640 939 751">
    <p class='ocr_par' dir='ltr' id='par_1_3' title="bbox 75 640 939 751">
     <span class='ocr_line' id='line_1_7' title="bbox 75 640 529 696; baseline -0.004 -15"><span class='ocrx_word' id='word_1_35' title='bbox 75 642 126 682; x_wconf 92' lang='lat' dir='ltr'>In</span> <span class='ocrx_word' id='word_1_36' title='bbox 157 654 234 695; x_wconf 92' lang='lat' dir='ltr'>quo</span> <span class='ocrx_word' id='word_1_37' title='bbox 265 640 529 696; x_wconf 73' lang='lat' dir='ltr'>percipiatur.</span> 
     </span>
     <span class='ocr_line' id='line_1_8' title="bbox 587 697 939 751; baseline 0.003 -15"><span class='ocrx_word' id='word_1_38' title='bbox 587 697 939 751; x_wconf 85' lang='lat' dir='ltr'>Paphnutius.</span> 
     </span>
    </p>
   </div>
   <div class='ocr_carea' id='block_1_4' title="bbox 69 766 1460 1649">
    <p class='ocr_par' dir='ltr' id='par_1_4' title="bbox 69 766 1460 1649">
     <span class='ocr_line' id='line_1_9' title="bbox 74 766 1458 821; baseline -0.001 -12"><span class='ocrx_word' id='word_1_39' title='bbox 74 768 166 809; x_wconf 83' lang='lat' dir='ltr'>Non</span> <span class='ocrx_word' id='word_1_40' title='bbox 209 769 359 817; x_wconf 84' lang='lat' dir='ltr'>solum,</span> <span class='ocrx_word' id='word_1_41' title='bbox 403 770 450 807; x_wconf 87' lang='lat' dir='ltr'>ut</span> <span class='ocrx_word' id='word_1_42' title='bbox 490 767 596 815; x_wconf 67' lang='lat' dir='ltr'>dixi,</span> <span class='ocrx_word' id='word_1_43' title='bbox 637 766 679 805; x_wconf 91' lang='lat' dir='ltr'>in</span> <span class='ocrx_word' id='word_1_44' title='bbox 721 767 962 819; x_wconf 78' lang='lat' dir='ltr'>compagine</span> <span class='ocrx_word' id='word_1_45' title='bbox 1003 767 1184 821; x_wconf 85' lang='lat' dir='ltr'>corporis</span> <span class='ocrx_word' id='word_1_46' title='bbox 1216 769 1258 807; x_wconf 89' lang='lat' dir='ltr'>et</span> <span class='ocrx_word' id='word_1_47' title='bbox 1287 768 1458 818; x_wconf 86' lang='lat' dir='ltr'>animae,</span> 
     </span>
     <span class='ocr_line' id='line_1_10' title="bbox 76 835 1460 886; baseline 0.001 -10"><span class='ocrx_word' id='word_1_48' title='bbox 76 850 236 877; x_wconf 78' lang='lat' dir='ltr'>necnon</span> <span class='ocrx_word' id='word_1_49' title='bbox 266 837 307 876; x_wconf 92' lang='lat' dir='ltr'>in</span> <span class='ocrx_word' id='word_1_50' title='bbox 339 836 554 876; x_wconf 82' lang='lat' dir='ltr'>emissione</span> <span class='ocrx_word' id='word_1_51' title='bbox 585 848 694 874; x_wconf 87' lang='lat' dir='ltr'>nunc</span> <span class='ocrx_word' id='word_1_52' title='bbox 725 835 879 886; x_wconf 80' lang='lat' dir='ltr'>gravis,</span> <span class='ocrx_word' id='word_1_53' title='bbox 911 849 1019 875; x_wconf 89' lang='grc'>1111110</span> <span class='ocrx_word' id='word_1_54' title='bbox 1051 837 1187 875; x_wconf 85' lang='lat' dir='ltr'>clarae</span> <span class='ocrx_word' id='word_1_55' title='bbox 1218 837 1344 885; x_wconf 78' lang='lat' dir='ltr'>vocis,</span> <span class='ocrx_word' id='word_1_56' title='bbox 1385 838 1460 878; x_wconf 86' lang='lat' dir='ltr'>sed</span> 
     </span>
     <span class='ocr_line' id='line_1_11' title="bbox 77 904 1460 959; baseline 0.001 -14"><span class='ocrx_word' id='word_1_57' title='bbox 77 906 199 946; x_wconf 86' lang='lat' dir='ltr'>etiam</span> <span class='ocrx_word' id='word_1_58' title='bbox 229 907 269 945; x_wconf 91' lang='lat' dir='ltr'>in</span> <span class='ocrx_word' id='word_1_59' title='bbox 299 906 484 959; x_wconf 87' lang='lat' dir='ltr'>pulsibus</span> <span class='ocrx_word' id='word_1_60' title='bbox 515 917 717 944; x_wconf 82' lang='lat' dir='ltr'>venarum</span> <span class='ocrx_word' id='word_1_61' title='bbox 747 906 871 957; x_wconf 86' lang='lat' dir='ltr'>atque</span> <span class='ocrx_word' id='word_1_62' title='bbox 902 904 943 943; x_wconf 91' lang='lat' dir='ltr'>in</span> <span class='ocrx_word' id='word_1_63' title='bbox 976 905 1234 956; x_wconf 87' lang='lat' dir='ltr'>quorundam</span> <span class='ocrx_word' id='word_1_64' title='bbox 1263 919 1460 946; x_wconf 83' lang='lat' dir='ltr'>mensura</span> 
     </span>
     <span class='ocr_line' id='line_1_12' title="bbox 73 973 1459 1027; baseline -0.001 -12"><span class='ocrx_word' id='word_1_65' title='bbox 73 977 359 1023; x_wconf 82' lang='lat' dir='ltr'>membrorum,</span> <span class='ocrx_word' id='word_1_66' title='bbox 383 975 488 1014; x_wconf 89' lang='lat' dir='ltr'>sicut</span> <span class='ocrx_word' id='word_1_67' title='bbox 511 975 553 1013; x_wconf 91' lang='lat' dir='ltr'>in</span> <span class='ocrx_word' id='word_1_68' title='bbox 584 973 768 1013; x_wconf 76' lang='lat' dir='ltr'>articulis</span> <span class='ocrx_word' id='word_1_69' title='bbox 801 973 1032 1025; x_wconf 81' lang='lat' dir='ltr'>digitorum,</span> <span class='ocrx_word' id='word_1_70' title='bbox 1050 973 1091 1013; x_wconf 91' lang='lat' dir='ltr'>in</span> <span class='ocrx_word' id='word_1_71' title='bbox 1114 974 1260 1027; x_wconf 74' lang='lat' dir='ltr'>quibus</span> <span class='ocrx_word' id='word_1_72' title='bbox 1292 976 1459 1015; x_wconf 85' lang='lat' dir='ltr'>easdem</span> 
     </span>
     <span class='ocr_line' id='line_1_13' title="bbox 73 1041 1457 1098; baseline 0 -14"><span class='ocrx_word' id='word_1_73' title='bbox 73 1044 358 1098; x_wconf 84' lang='lat' dir='ltr'>proportiones</span> <span class='ocrx_word' id='word_1_74' title='bbox 389 1043 665 1082; x_wconf 85' lang='lat' dir='ltr'>mensurando</span> <span class='ocrx_word' id='word_1_75' title='bbox 696 1041 965 1095; x_wconf 80' lang='lat' dir='ltr'>repperimus,</span> <span class='ocrx_word' id='word_1_76' title='bbox 1000 1055 1101 1095; x_wconf 87' lang='lat' dir='ltr'>quas</span> <span class='ocrx_word' id='word_1_77' title='bbox 1131 1043 1174 1082; x_wconf 92' lang='lat' dir='ltr'>in</span> <span class='ocrx_word' id='word_1_78' title='bbox 1205 1044 1457 1097; x_wconf 74' lang='lat' dir='ltr'>symphoniis</span> 
     </span>
     <span class='ocr_line' id='line_1_14' title="bbox 72 1111 1459 1166; baseline 0.001 -14"><span class='ocrx_word' id='word_1_79' title='bbox 72 1113 370 1166; x_wconf 75' lang='lat' dir='ltr'>praemisimus,</span> <span class='ocrx_word' id='word_1_80' title='bbox 404 1112 498 1164; x_wconf 87' lang='lat' dir='ltr'>quia</span> <span class='ocrx_word' id='word_1_81' title='bbox 527 1111 684 1150; x_wconf 86' lang='lat' dir='ltr'>musica</span> <span class='ocrx_word' id='word_1_82' title='bbox 715 1111 864 1151; x_wconf 87' lang='lat' dir='ltr'>dicitur</span> <span class='ocrx_word' id='word_1_83' title='bbox 897 1112 1185 1152; x_wconf 79' lang='lat' dir='ltr'>convenientia</span> <span class='ocrx_word' id='word_1_84' title='bbox 1215 1127 1297 1153; x_wconf 91' lang='lat' dir='ltr'>non</span> <span class='ocrx_word' id='word_1_85' title='bbox 1327 1114 1459 1154; x_wconf 89' lang='lat' dir='ltr'>solum</span> 
     </span>
     <span class='ocr_line' id='line_1_15' title="bbox 74 1180 1164 1230; baseline -0.001 -8"><span class='ocrx_word' id='word_1_86' title='bbox 74 1195 233 1230; x_wconf 77' lang='lat' dir='ltr'>vocum,</span> <span class='ocrx_word' id='word_1_87' title='bbox 265 1182 338 1221; x_wconf 91' lang='lat' dir='ltr'>sed</span> <span class='ocrx_word' id='word_1_88' title='bbox 370 1181 492 1221; x_wconf 86' lang='lat' dir='ltr'>etiam</span> <span class='ocrx_word' id='word_1_89' title='bbox 524 1181 698 1220; x_wconf 86' lang='lat' dir='ltr'>aliarum</span> <span class='ocrx_word' id='word_1_90' title='bbox 729 1180 982 1220; x_wconf 81' lang='lat' dir='ltr'>dissimilium</span> <span class='ocrx_word' id='word_1_91' title='bbox 1014 1194 1164 1221; x_wconf 88' lang='lat' dir='ltr'>rerum.</span> 
     </span>
     <span class='ocr_line' id='line_1_16' title="bbox 352 1249 907 1302; baseline 0.004 -15"><span class='ocrx_word' id='word_1_92' title='bbox 352 1255 354 1257; x_wconf 74' lang='grc'><strong><em>’</em></strong></span> <span class='ocrx_word' id='word_1_93' title='bbox 621 1249 907 1302; x_wconf 86' lang='lat' dir='ltr'>Discipuli.</span> 
     </span>
     <span class='ocr_line' id='line_1_17' title="bbox 73 1318 1458 1373; baseline 0.001 -13"><span class='ocrx_word' id='word_1_94' title='bbox 73 1319 117 1360; x_wconf 82' lang='lat' dir='ltr'>Si</span> <span class='ocrx_word' id='word_1_95' title='bbox 155 1318 539 1372; x_wconf 71' lang='lat' dir='ltr'>praesciremus,‘²¹)</span> <span class='ocrx_word' id='word_1_96' title='bbox 593 1319 702 1370; x_wconf 90' lang='lat' dir='ltr'>quod</span> <span class='ocrx_word' id='word_1_97' title='bbox 746 1319 980 1372; x_wconf 82' lang='lat' dir='ltr'>hujusmodi</span> <span class='ocrx_word' id='word_1_98' title='bbox 1024 1319 1158 1359; x_wconf 88' lang='lat' dir='ltr'>nodus</span> <span class='ocrx_word' id='word_1_99' title='bbox 1205 1320 1458 1373; x_wconf 75' lang='lat' dir='ltr'>quaestionis</span> 
     </span>
     <span class='ocr_line' id='line_1_18' title="bbox 70 1388 1457 1437; baseline 0.001 -9"><span class='ocrx_word' id='word_1_100' title='bbox 70 1392 154 1428; x_wconf 86' lang='lat' dir='ltr'>tam</span> <span class='ocrx_word' id='word_1_101' title='bbox 185 1388 362 1427; x_wconf 87' lang='lat' dir='ltr'>difficilis</span> <span class='ocrx_word' id='word_1_102' title='bbox 394 1388 445 1427; x_wconf 84' lang='lat' dir='ltr'>ad</span> <span class='ocrx_word' id='word_1_103' title='bbox 477 1388 721 1426; x_wconf 78' lang='lat' dir='ltr'>solvendum</span> <span class='ocrx_word' id='word_1_104' title='bbox 752 1390 866 1428; x_wconf 89' lang='lat' dir='ltr'>esset</span> <span class='ocrx_word' id='word_1_105' title='bbox 894 1388 1047 1437; x_wconf 88' lang='lat' dir='ltr'>insciis,</span> <span class='ocrx_word' id='word_1_106' title='bbox 1070 1389 1354 1429; x_wconf 81' lang='lat' dir='ltr'>maluissemus</span> <span class='ocrx_word' id='word_1_107' title='bbox 1384 1390 1457 1430; x_wconf 90' lang='grc'>1111-</span> 
     </span>
     <span class='ocr_line' id='line_1_19' title="bbox 70 1456 1456 1514; baseline 0.001 -17"><span class='ocrx_word' id='word_1_108' title='bbox 70 1471 213 1498; x_wconf 89' lang='lat' dir='ltr'>norem</span> <span class='ocrx_word' id='word_1_109' title='bbox 241 1457 436 1496; x_wconf 89' lang='lat' dir='ltr'>mundum</span> <span class='ocrx_word' id='word_1_110' title='bbox 466 1456 641 1505; x_wconf 84' lang='lat' dir='ltr'>nescire,</span> <span class='ocrx_word' id='word_1_111' title='bbox 673 1469 794 1508; x_wconf 89' lang='lat' dir='ltr'>quam</span> <span class='ocrx_word' id='word_1_112' title='bbox 825 1459 985 1497; x_wconf 86' lang='lat' dir='ltr'>tantum</span> <span class='ocrx_word' id='word_1_113' title='bbox 1027 1457 1276 1514; x_wconf 84' lang='lat' dir='ltr'>difficultatis</span> <span class='ocrx_word' id='word_1_114' title='bbox 1307 1459 1456 1500; x_wconf 85' lang='lat' dir='ltr'>subire.</span> 
     </span>
     <span class='ocr_line' id='line_1_20' title="bbox 589 1525 942 1578; baseline 0 -13"><span class='ocrx_word' id='word_1_115' title='bbox 589 1525 942 1578; x_wconf 83' lang='lat' dir='ltr'>Paphnutius.</span> 
     </span>
     <span class='ocr_line' id='line_1_21' title="bbox 69 1594 1454 1649; baseline 0.002 -14"><span class='ocrx_word' id='word_1_116' title='bbox 69 1595 138 1635; x_wconf 79' lang='lat' dir='ltr'>Nil</span> <span class='ocrx_word' id='word_1_117' title='bbox 183 1595 320 1643; x_wconf 81' lang='lat' dir='ltr'>officit,</span> <span class='ocrx_word' id='word_1_118' title='bbox 367 1594 476 1647; x_wconf 88' lang='lat' dir='ltr'>quod</span> <span class='ocrx_word' id='word_1_119' title='bbox 516 1595 770 1643; x_wconf 80' lang='lat' dir='ltr'>elaborastis,</span> <span class='ocrx_word' id='word_1_120' title='bbox 819 1608 912 1635; x_wconf 91' lang='lat' dir='ltr'>cum</span> <span class='ocrx_word' id='word_1_121' title='bbox 926 1596 981 1648; x_wconf 75' lang='lat'>22)</span> <span class='ocrx_word' id='word_1_122' title='bbox 1025 1598 1121 1636; x_wconf 90' lang='lat' dir='ltr'>ante</span> <span class='ocrx_word' id='word_1_123' title='bbox 1159 1597 1351 1649; x_wconf 85' lang='lat' dir='ltr'>ignorata</span> <span class='ocrx_word' id='word_1_124' title='bbox 1381 1610 1454 1638; x_wconf 79' lang='lat' dir='ltr'>ex·</span> 
     </span>
    </p>
   </div>
   <div class='ocr_carea' id='block_1_5' title="bbox 69 1664 902 1774">
    <p class='ocr_par' dir='ltr' id='par_1_5' title="bbox 69 1664 902 1774">
     <span class='ocr_line' id='line_1_22' title="bbox 69 1664 316 1718; baseline -0.004 -14"><span class='ocrx_word' id='word_1_125' title='bbox 69 1664 176 1718; x_wconf 91' lang='lat' dir='ltr'>perti</span> <span class='ocrx_word' id='word_1_126' title='bbox 207 1664 316 1704; x_wconf 89' lang='lat' dir='ltr'>estis.</span> 
     </span>
     <span class='ocr_line' id='line_1_23' title="bbox 622 1720 902 1774; baseline 0.004 -15"><span class='ocrx_word' id='word_1_127' title='bbox 622 1720 902 1774; x_wconf 85' lang='lat' dir='ltr'>Discipuli.</span> 
     </span>
    </p>
   </div>
   <div class='ocr_carea' id='block_1_6' title="bbox 66 1789 1453 2522">
    <p class='ocr_par' dir='ltr' id='par_1_6' title="bbox 66 1789 1453 2522">
     <span class='ocr_line' id='line_1_24' title="bbox 69 1789 1453 1846; baseline 0.001 -16"><span class='ocrx_word' id='word_1_128' title='bbox 69 1790 246 1840; x_wconf 80' lang='lat' dir='ltr'>Verum3</span> <span class='ocrx_word' id='word_1_129' title='bbox 287 1790 360 1830; x_wconf 89' lang='lat' dir='ltr'>sed</span> <span class='ocrx_word' id='word_1_130' title='bbox 391 1789 532 1829; x_wconf 86' lang='lat' dir='ltr'>taedet</span> <span class='ocrx_word' id='word_1_131' title='bbox 561 1803 634 1829; x_wconf 90' lang='lat' dir='ltr'>nos</span> <span class='ocrx_word' id='word_1_132' title='bbox 665 1790 970 1843; x_wconf 84' lang='lat' dir='ltr'>philosophicae</span> <span class='ocrx_word' id='word_1_133' title='bbox 1009 1790 1313 1844; x_wconf 73' lang='lat' dir='ltr'>disputationis,</span> <span class='ocrx_word' id='word_1_134' title='bbox 1357 1792 1453 1846; x_wconf 85' lang='lat' dir='ltr'>quia</span> 
     </span>
     <span class='ocr_line' id='line_1_25' title="bbox 69 1859 1304 1913; baseline 0.002 -14"><span class='ocrx_word' id='word_1_135' title='bbox 69 1860 283 1913; x_wconf 87' lang='lat' dir='ltr'>nequimus</span> <span class='ocrx_word' id='word_1_136' title='bbox 299 1860 353 1912; x_wconf 75' lang='lat'>23)</span> <span class='ocrx_word' id='word_1_137' title='bbox 385 1872 509 1898; x_wconf 88' lang='lat' dir='ltr'>sensu</span> <span class='ocrx_word' id='word_1_138' title='bbox 542 1859 700 1898; x_wconf 85' lang='lat' dir='ltr'>emetiri</span> <span class='ocrx_word' id='word_1_139' title='bbox 730 1860 968 1912; x_wconf 89' lang='lat' dir='ltr'>scrupulum</span> <span class='ocrx_word' id='word_1_140' title='bbox 997 1862 1092 1900; x_wconf 85' lang='lat' dir='ltr'>tuae</span> <span class='ocrx_word' id='word_1_141' title='bbox 1123 1861 1304 1901; x_wconf 85' lang='lat' dir='ltr'>rationis.</span> 
     </span>
     <span class='ocr_line' id='line_1_26' title="bbox 585 1928 938 1981; baseline 0.003 -14"><span class='ocrx_word' id='word_1_142' title='bbox 585 1928 938 1981; x_wconf 74' lang='lat' dir='ltr'>Paphnutius.</span> 
     </span>
     <span class='ocr_line' id='line_1_27' title="bbox 69 1996 1449 2053; baseline 0.002 -16"><span class='ocrx_word' id='word_1_143' title='bbox 69 1996 152 2038; x_wconf 87' lang='lat' dir='ltr'>Cur</span> <span class='ocrx_word' id='word_1_144' title='bbox 181 2011 246 2037; x_wconf 91' lang='lat' dir='ltr'>me</span> <span class='ocrx_word' id='word_1_145' title='bbox 277 1998 458 2049; x_wconf 77' lang='lat' dir='ltr'>illuditis,</span> <span class='ocrx_word' id='word_1_146' title='bbox 491 1998 559 2051; x_wconf 90' lang='lat' dir='ltr'>qui</span> <span class='ocrx_word' id='word_1_147' title='bbox 574 1998 628 2051; x_wconf 75' lang='lat'>24)</span> <span class='ocrx_word' id='word_1_148' title='bbox 659 1999 781 2051; x_wconf 88' lang='lat' dir='ltr'>plane</span> <span class='ocrx_word' id='word_1_149' title='bbox 823 2011 912 2038; x_wconf 88' lang='lat' dir='ltr'>sum</span> <span class='ocrx_word' id='word_1_150' title='bbox 943 1998 1118 2048; x_wconf 79' lang='lat' dir='ltr'>nescius,</span> <span class='ocrx_word' id='word_1_151' title='bbox 1156 2012 1238 2039; x_wconf 87' lang='grc'>11011</span> <span class='ocrx_word' id='word_1_152' title='bbox 1269 2000 1449 2053; x_wconf 87' lang='lat' dir='ltr'>philoso-</span> 
     </span>
     <span class='ocr_line' id='line_1_28' title="bbox 70 2067 208 2120; baseline 0 -14"><span class='ocrx_word' id='word_1_153' title='bbox 70 2067 208 2120; x_wconf 80' lang='lat' dir='ltr'>phus?</span> 
     </span>
     <span class='ocr_line' id='line_1_29' title="bbox 620 2123 906 2177; baseline 0.003 -15"><span class='ocrx_word' id='word_1_154' title='bbox 620 2123 906 2177; x_wconf 88' lang='lat' dir='ltr'>Discipuli.</span> 
     </span>
     <span class='ocr_line' id='line_1_30' title="bbox 66 2191 1262 2247; baseline 0.001 -15"><span class='ocrx_word' id='word_1_155' title='bbox 66 2191 122 2232; x_wconf 83' lang='lat' dir='ltr'>Et</span> <span class='ocrx_word' id='word_1_156' title='bbox 151 2192 260 2233; x_wconf 88' lang='lat' dir='ltr'>unde</span> <span class='ocrx_word' id='word_1_157' title='bbox 290 2193 364 2233; x_wconf 85' lang='lat' dir='ltr'>tibi</span> <span class='ocrx_word' id='word_1_158' title='bbox 394 2193 507 2242; x_wconf 79' lang='lat' dir='ltr'>haec,</span> <span class='ocrx_word' id='word_1_159' title='bbox 540 2206 644 2246; x_wconf 84' lang='lat' dir='ltr'>quae</span> <span class='ocrx_word' id='word_1_160' title='bbox 674 2206 749 2232; x_wconf 91' lang='lat' dir='ltr'>nos</span> <span class='ocrx_word' id='word_1_161' title='bbox 780 2194 992 2245; x_wconf 86' lang='lat' dir='ltr'>fatigando</span> <span class='ocrx_word' id='word_1_162' title='bbox 1023 2193 1262 2247; x_wconf 81' lang='lat' dir='ltr'>protulisti?</span> 
     </span>
     <span class='ocr_line' id='line_1_31' title="bbox 577 2262 929 2315; baseline 0.003 -14"><span class='ocrx_word' id='word_1_163' title='bbox 577 2262 929 2315; x_wconf 84' lang='lat' dir='ltr'>Paphnutius.</span> 
     </span>
     <span class='ocr_line' id='line_1_32' title="bbox 68 2329 1447 2386; baseline 0.003 -17"><span class='ocrx_word' id='word_1_164' title='bbox 68 2329 250 2370; x_wconf 87' lang='lat' dir='ltr'>Tenuem</span> <span class='ocrx_word' id='word_1_165' title='bbox 290 2331 486 2370; x_wconf 84' lang='lat' dir='ltr'>scientiae</span> <span class='ocrx_word' id='word_1_166' title='bbox 527 2331 742 2383; x_wconf 84' lang='lat' dir='ltr'>guttulam,</span> <span class='ocrx_word' id='word_1_167' title='bbox 774 2343 895 2383; x_wconf 86' lang='lat' dir='ltr'>quam</span> <span class='ocrx_word' id='word_1_168' title='bbox 926 2331 976 2370; x_wconf 89' lang='lat' dir='ltr'>de</span> <span class='ocrx_word' id='word_1_169' title='bbox 1006 2331 1140 2384; x_wconf 88' lang='lat' dir='ltr'>plenis</span> <span class='ocrx_word' id='word_1_170' title='bbox 1172 2332 1348 2373; x_wconf 89' lang='lat' dir='ltr'>sciorum</span> <span class='ocrx_word' id='word_1_171' title='bbox 1377 2346 1447 2386; x_wconf 89' lang='lat' dir='ltr'>pa-</span> 
     </span>
     <span class='ocr_line' id='line_1_33' title="bbox 73 2400 1448 2452; baseline 0.004 -15"><span class='ocrx_word' id='word_1_172' title='bbox 73 2401 174 2438; x_wconf 87' lang='lat' dir='ltr'>teris</span> <span class='ocrx_word' id='word_1_173' title='bbox 189 2400 244 2452; x_wconf 73' lang='lat'>2⁵)</span> <span class='ocrx_word' id='word_1_174' title='bbox 276 2400 524 2450; x_wconf 86' lang='lat' dir='ltr'>effluentem,</span> <span class='ocrx_word' id='word_1_175' title='bbox 541 2413 623 2439; x_wconf 87' lang='lat' dir='ltr'>non</span> <span class='ocrx_word' id='word_1_176' title='bbox 641 2401 692 2439; x_wconf 86' lang='lat' dir='ltr'>ad</span> <span class='ocrx_word' id='word_1_177' title='bbox 724 2400 1000 2452; x_wconf 84' lang='lat' dir='ltr'>colligendum</span> <span class='ocrx_word' id='word_1_178' title='bbox 1028 2402 1227 2450; x_wconf 88' lang='lat' dir='ltr'>residens,</span> <span class='ocrx_word' id='word_1_179' title='bbox 1245 2402 1320 2442; x_wconf 87' lang='lat' dir='ltr'>sed</span> <span class='ocrx_word' id='word_1_180' title='bbox 1349 2416 1448 2443; x_wconf 86' lang='lat' dir='ltr'>casu</span> 
     </span>
     <span class='ocr_line' id='line_1_34' title="bbox 69 2469 1446 2522; baseline 0.003 -15"><span class='ocrx_word' id='word_1_181' title='bbox 69 2469 337 2520; x_wconf 86' lang='lat' dir='ltr'>praeteriens,</span> <span class='ocrx_word' id='word_1_182' title='bbox 352 2472 586 2522; x_wconf 83' lang='lat' dir='ltr'>reppertam</span> <span class='ocrx_word' id='word_1_183' title='bbox 597 2469 754 2519; x_wconf 88' lang='lat' dir='ltr'>elambi,</span> <span class='ocrx_word' id='word_1_184' title='bbox 766 2470 977 2510; x_wconf 82' lang='lat' dir='ltr'>vobiscum</span> <span class='ocrx_word' id='word_1_185' title='bbox 989 2471 1285 2511; x_wconf 88' lang='lat' dir='ltr'>communicare</span> <span class='ocrx_word' id='word_1_186' title='bbox 1299 2471 1446 2511; x_wconf 83' lang='lat' dir='ltr'>studui.</span> 
     </span>
    </p>
   </div>
   <div class='ocr_carea' id='block_1_7' title="bbox 99 2580 337 2590">
    <p class='ocr_par' dir='ltr' id='par_1_7' title="bbox 99 2580 337 2590">
     <span class='ocr_line' id='line_1_35' title="bbox 99 2580 337 2590; baseline 0 0"><span class='ocrx_word' id='word_1_187' title='bbox 99 2580 337 2590; x_wconf 95' lang='lat' dir='ltr'> </span> 
     </span>
    </p>
   </div>
   <div class='ocr_carea' id='block_1_8' title="bbox 103 2649 1442 2733">
    <p class='ocr_par' dir='ltr' id='par_1_8' title="bbox 103 2649 1442 2733">
     <span class='ocr_line' id='line_1_36' title="bbox 103 2649 1442 2688; baseline 0.002 -12"><span class='ocrx_word' id='word_1_188' title='bbox 103 2649 152 2684; x_wconf 81' lang='lat'>21]</span> <span class='ocrx_word' id='word_1_189' title='bbox 172 2651 497 2684; x_wconf 74' lang='lat' dir='ltr'>praescissemus,</span> <span class='ocrx_word' id='word_1_190' title='bbox 520 2650 592 2679; x_wconf 88' lang='lat' dir='ltr'>c.u.</span> <span class='ocrx_word' id='word_1_191' title='bbox 613 2650 643 2677; x_wconf 92' lang='lat' dir='ltr'>S.</span> <span class='ocrx_word' id='word_1_192' title='bbox 679 2651 730 2686; x_wconf 73' lang='lat'>22)</span> <span class='ocrx_word' id='word_1_193' title='bbox 753 2652 890 2677; x_wconf 75' lang='lat' dir='ltr'>etenim</span> <span class='ocrx_word' id='word_1_194' title='bbox 910 2654 986 2685; x_wconf 77' lang='lat' dir='ltr'>ante,</span> <span class='ocrx_word' id='word_1_195' title='bbox 1008 2651 1039 2680; x_wconf 88' lang='lat' dir='ltr'>S.</span> <span class='ocrx_word' id='word_1_196' title='bbox 1075 2652 1220 2688; x_wconf 75' lang='lat' dir='ltr'>23)qu1a</span> <span class='ocrx_word' id='word_1_197' title='bbox 1238 2652 1442 2685; x_wconf 74' lang='lat' dir='ltr'>nescimus,</span> 
     </span>
     <span class='ocr_line' id='line_1_37' title="bbox 169 2695 1306 2733; baseline 0.004 -11"><span class='ocrx_word' id='word_1_198' title='bbox 169 2695 201 2723; x_wconf 92' lang='lat' dir='ltr'>C.</span> <span class='ocrx_word' id='word_1_199' title='bbox 221 2703 249 2722; x_wconf 89' lang='lat' dir='ltr'>u.</span> <span class='ocrx_word' id='word_1_200' title='bbox 269 2695 300 2722; x_wconf 92' lang='lat' dir='ltr'>S.</span> <span class='ocrx_word' id='word_1_201' title='bbox 335 2695 386 2732; x_wconf 71' lang='lat'>24)</span> <span class='ocrx_word' id='word_1_202' title='bbox 409 2696 511 2730; x_wconf 84' lang='lat' dir='ltr'>quod</span> <span class='ocrx_word' id='word_1_203' title='bbox 531 2697 628 2731; x_wconf 72' lang='lat' dir='ltr'>plane,</span> <span class='ocrx_word' id='word_1_204' title='bbox 650 2697 681 2726; x_wconf 88' lang='lat' dir='ltr'>S.</span> <span class='ocrx_word' id='word_1_205' title='bbox 718 2699 768 2732; x_wconf 75' lang='lat'>25)</span> <span class='ocrx_word' id='word_1_206' title='bbox 788 2698 823 2724; x_wconf 83' lang='lat' dir='ltr'>de</span> <span class='ocrx_word' id='word_1_207' title='bbox 845 2698 981 2732; x_wconf 84' lang='lat' dir='ltr'>plenis..</span> <span class='ocrx_word' id='word_1_208' title='bbox 1004 2699 1149 2733; x_wconf 82' lang='lat' dir='ltr'>puteis,</span> <span class='ocrx_word' id='word_1_209' title='bbox 1170 2698 1202 2727; x_wconf 86' lang='lat' dir='ltr'>C.</span> <span class='ocrx_word' id='word_1_210' title='bbox 1225 2707 1255 2728; x_wconf 84' lang='lat' dir='ltr'>u.</span> <span class='ocrx_word' id='word_1_211' title='bbox 1276 2698 1306 2726; x_wconf 82' lang='lat' dir='ltr'>S.</span> 
     </span>
    </p>
   </div>
  </div>
 </body>
</html>
