1702 2939
793 269 1078 310 ..68-

374 383 563 432 ‚,Omnes,
593 396 782 432 oceanus,
814 388 973 437 gentes,
1005 398 1105 438 quas
1135 385 1278 425 circuit
1305 385 1423 425 altus.

382 452 502 501 ‚‚Sed,
533 465 650 506 quae.
670 451 863 493 Gallicios
893 454 1043 493 retinet
1070 453 1216 493 fiducia
1243 456 1396 506 eaptOS,

380 521 566 569 ‚,Neseio‚
596 522 795 574 gratiolae
827 526 1023 575 respuant
1053 529 1098 562 ut
1127 523 1295 561 foedera
1323 525 1488 563 nostrae

371 589 450 638 „Et
480 591 643 629 tandem
674 592 827 630 veteris
858 591 941 630 sint
971 592 1120 642 ingrati
1149 591 1324 643 pietatis.

272 656 363 706 llO,
385 657 570 707 „Restat,
601 665 647 698 ut
676 659 841 698 armatis
871 665 1104 712 repetamus
1135 659 1284 712 quippe
1314 659 1481 700 lacertis

374 724 610 776 „Gallieios,
642 728 781 767 hostes
811 728 1005 779 agitando
1037 729 1141 767 sorte
1171 728 1361 776 rebelles,

370 795 548 843 „Donee,
580 809 635 835 ex
665 797 815 836 nostris
846 797 963 835 strati
992 809 1066 848 per
1095 796 1233 834 secula
1262 796 1368 843 telis,

371 863 525 912 „Inviti
556 865 706 904 nostris
737 866 989 904 summittant
1020 865 1123 904 colla
1154 864 1357 904 ‹=atenis!“

421 931 538 972 Haec
578 936 794 986 postquam
826 935 957 986 jactat
977 945 1224 984 causamque
1257 933 1337 971 doli
1366 933 1627 980 memorabat,

271 997 362 1040 115.
385 998 512 1040 Iussit
543 1001 726 1041 collectis
756 1002 909 1054 vulgus
939 1014 1184 1041 concurrere
1215 1002 1370 1049 turmis,

377 1069 597 1108 Armorum
627 1070 753 1109 variis
782 1071 1025 1110 instructum
1055 1070 1230 1122 denique
1261 1070 1402 1121 signis,

374 1137 578 1189 Pergeret
608 1141 653 1178 ut
683 1144 849 1190 gentem
879 1152 1016 1177 seeum
1049 1139 1189 1178 delere
1220 1138 1394 1186 fidelem,

375 1204 648 1258 ostentatque
679 1221 797 1246 suum
827 1213 1030 1259 gemmato
1061 1206 1221 1246 casside
1250 1207 1420 1254 vultum,

370 1273 527 1313 Ferrea
557 1275 724 1315 lascivis
754 1276 954 1328 inponens
986 1275 1167 1327 tegmina
1195 1275 1398 1314 membris.

263 1339 354 1382 120.
379 1342 469 1382 Tali
501 1356 673 1396 cumque
703 1345 835 1384 locum
865 1348 1027 1398 peteret
1056 1356 1203 1397 pompa
1232 1345 1497 1384 memoratum

379 1409 434 1450 Et
464 1415 630 1463 gentem
657 1413 786 1466 primo
817 1416 1036 1465 temptaret
1067 1414 1243 1465 denique
1274 1413 1394 1459 bello,

370 1477 580 1534 Extimplo
611 1484 769 1520 tantum
795 1482 964 1521 sortitur
994 1494 1167 1533 namque
1198 1481 1456 1533 triumphum,

373 1547 428 1589 L‘t
453 1550 538 1601 jam
569 1550 629 1588 bis
660 1563 782 1589 senos
812 1563 894 1589 una
925 1563 1015 1590 eum
1046 1550 1229 1602 principe
1261 1555 1400 1601 captos

368 1616 574 1668 Illaqueat
603 1619 782 1667 comites,
813 1619 912 1657 artis
943 1618 1189 1669 stringitque
1219 1618 1385 1657 eatenis.

257 1681 347 1723 125.
427 1684 502 1724 His
533 1699 749 1739 procerum
779 1687 963 1739 dampnis
995 1699 1144 1738 magna
1175 1687 1339 1726 feritate
1369 1686 1534 1739 paratis,

366 1753 501 1793 Cessit
528 1755 637 1794 vieta
668 1756 751 1794 suis
782 1755 975 1794 fidissimi
1005 1768 1108 1806 gens
1138 1755 1322 1803 inimicis,

369 1821 564 1862 subditur
595 1828 717 1875 atque
742 1825 843 1876 jugo
874 1824 1060 1876 perversi
1090 1823 1200 1874 regis
1231 1823 1379 1875 iniquo.

364 1890 491 1939 Tune,
521 1897 750 1931 restaurato
781 1904 923 1931 rursus
957 1906 1116 1943 quoque
1149 1892 1315 1930 foedere
1345 1890 1486 1943 primo,

367 1957 483 1998 Loris
514 1960 743 2012 procedunt
770 1961 896 1999 vincti
929 1961 1094 1999 comites
1126 1960 1302 1999 duodeni

253 2025 344 2066 130.
363 2025 463 2066 Cum
493 2030 731 2082 concaptivo
761 2029 858 2067 vieti
889 2033 1047 2067 rectore
1078 2028 1239 2080 popelli.

366 2096 446 2142 Qui
478 2097 594 2136 eitius
624 2097 770 2136 vinclis
801 2097 1081 2136 dissolvuntur
1112 2096 1314 2144 resolutis,

363 2164 558 2218 Exempti
588 2166 778 2219 propriae
808 2166 938 2218 pretio
969 2178 1097 2217 gazae
1128 2178 1355 2213 numeroso,

365 2233 447 2272 Sed
479 2234 592 2273 ducis
624 2237 687 2273 est
716 2235 891 2287 pretium
916 2235 1035 2286 jussu
1065 2234 1176 2285 regis
1208 2233 1467 2285 duplicatum,

364 2300 482 2340 L'ltra
512 2315 632 2354 quam
661 2303 836 2355 propriis
865 2305 1005 2356 posset
1033 2303 1271 2355 persolvere
1302 2302 1427 2354 gazis,

257 2366 346 2407 135.
369 2367 552 2422 Cumque
583 2371 645 2410 sui
676 2383 801 2410 eausa
830 2371 922 2422 regi
953 2371 1136 2418 deferret
1165 2383 1302 2418 avaro,

363 2436 479 2482 Quae
509 2439 608 2490 quid
637 2440 789 2478 habere
820 2440 925 2479 domi
957 2440 1117 2478 sibimet
1146 2440 1281 2478 suevit
1309 2438 1490 2491 pretiosi,

365 2504 472 2545 Casu
504 2508 678 2546 condicti
708 2521 881 2561 parvum
911 2509 1008 2560 quid
1037 2508 1167 2547 defuit
1195 2507 1293 2546 auri.

364 2574 485 2620 Quod
538 2589 615 2615 rex
655 2577 902 2625 sentiscens,
958 2576 1143 2615 fraudem
1184 2589 1343 2628 quoque
1380 2579 1516 2615 mente
1547 2589 1611 2615 re-

1367 2644 1554 2693 volvens,

286 2745 341 2772 m.
362 2728 511 2780 pouit,
530 2745 561 2772 c.
586 2754 614 2774 u.
635 2744 664 2773 S.
712 2746 772 2775 1³6.
795 2744 878 2772 Quae
897 2744 1066 2780 quidem,
1093 2744 1122 2771 c.
1143 2753 1173 2772 u.
1193 2744 1223 2771 s.
1268 2745 1323 2773 137.
1345 2744 1492 2778 cau-a,
1511 2744 1544 2770 s.
