1702 2939
798 230 1139 281 -32-*

375 354 537 398 ..Asu-is
568 355 778 406 contiguos
809 356 964 395 coelum
994 356 1156 408 pulsare
1185 353 1440 407 profundum,

266 421 357 463 7155.
380 424 482 466 ..Ast
512 437 588 474 ego
619 424 853 476 praecogito
885 436 1042 462 summa
1073 423 1345 463 tantummodo
1376 435 1484 471 cura,

384 493 450 535 ..Si
482 493 612 530 saltim
643 492 800 531 valeam
830 505 970 545 puram
1002 491 1281 544 conprendere
1312 491 1527 544 lympham,

374 560 565 604 ..Utribus
596 561 634 599 in
666 561 813 600 nostris
844 561 936 612 quia
967 573 1041 598 nec
1073 566 1134 599 est
1164 560 1325 611 guttula
1355 560 1513 599 fontis.“

430 629 544 668 llaec
576 629 694 668 heros
726 629 849 680 igitur
879 629 1137 667 venerandus
1168 629 1225 667 sic
1255 629 1508 680 loquebatur,

374 698 456 737 Ceu
489 698 738 750 desperaret,
770 697 874 749 quod
906 710 1099 749 praesens
1131 697 1262 735 onmia
1292 700 1429 749 posset

267 764 356 806 770.
375 765 572 809 Christus
604 767 806 818 corporeis
837 770 968 804 tectus
1000 766 1136 804 fuerat
1162 765 1256 817 quia
1284 765 1485 805 membris.

377 834 431 874 At
461 848 574 887 puer,
606 835 644 873 in
676 835 828 886 gremio
860 846 978 872 carue
1010 834 1216 884 genitricis
1247 834 1416 872 amando

381 904 647 950 Accumbch
679 904 851 955 palmam
882 902 1066 953 gaudens
1098 915 1141 940 se
1172 902 1297 941 vertit
1326 902 1377 941 ad
1407 902 1546 954 ipsam,

375 971 556 1010 Functus
589 976 629 1010 ct
660 972 824 1024 imperio
854 971 1063 1023 praeclare
1094 970 1242 1022 quippe
1271 972 1441 1023 paterno

374 1039 457 1092 Ipsi
489 1040 678 1079 continuo
710 1040 869 1078 dicebat
902 1041 1033 1078 fronte
1064 1051 1229 1078 serena:

266 1105 356 1146 75.
376 1109 544 1155 ..Arbon
576 1109 693 1146 flecte
724 1111 815 1147 tuos
846 1121 998 1146 summo
1030 1108 1079 1146 de
1110 1108 1264 1146 vertice
1293 1120 1438 1154 ramos,

379 1176 469 1223 ,‚Ut‚
503 1181 697 1228 quantum
728 1177 860 1223 libeat,
893 1176 943 1214 de
973 1179 1013 1214 te
1045 1179 1174 1215 mater
1204 1188 1293 1215 mea
1322 1179 1498 1229 carpat.“

370 1244 552 1291 Dixerat,
585 1250 706 1297 atque
737 1245 820 1283 suis
851 1246 969 1283 arbor
1001 1245 1218 1283 fortissima
1243 1245 1368 1297 jussis

378 1313 486 1351 Ante
516 1314 643 1365 pedes
673 1313 827 1352 Mariae
856 1326 1004 1365 parcns
1034 1313 1252 1352 inflectitur
1282 1313 1424 1353 almae.

379 1381 530 1420 Fructu
565 1395 733 1433 cunique
764 1395 835 1420 suo
866 1382 1027 1434 penitus
1059 1382 1192 1420 suerat
1221 1381 1402 1434 spoliata,

266 1447 356 1488 750.
374 1449 595 1488 Incurvata
625 1451 737 1489 stetit
766 1463 840 1488 nec
870 1463 1044 1501 surgens
1074 1451 1156 1489 alta
1185 1450 1340 1502 petivit,

371 1517 543 1570 Opperit
572 1519 962 1571 imperiu1n·(‚'hristi
993 1519 1065 1558 sed
1095 1519 1172 1558 rite
1203 1519 1426 1571 probatum,

376 1586 564 1638 Ipseque,
597 1592 661 1634 „te
692 1588 836 1635 subito,
867 1587 982 1635 dixit,
1012 1600 1119 1626 nunc
1151 1588 1263 1639 erige
1292 1587 1437 1639 palma,

375 1654 458 1701 „Ut
487 1655 542 1694 sis
573 1656 775 1707 lignorum
805 1660 896 1708 post
926 1656 1026 1694 haec
1057 1657 1214 1707 collega
1243 1668 1434 1703 meorum,

373 1723 514 1770 „Quae
545 1725 806 1776 paradisiacis
837 1727 1023 1763 constant
1052 1726 1232 1777 plantata
1261 1724 1427 1772 locellis,

265 1789 356 1830 785.
375 1791 453 1839 „Et
482 1793 617 1832 radice
646 1797 716 1831 tua
746 1793 877 1832 deduc
905 1793 1098 1845 extimplo
1129 1796 1288 1832 secreta

374 1859 538 1907 „Undas
570 1861 764 1909 fonticuli,
797 1862 1003 1900 fluitantes
1034 1862 1199 1912 gurgite
1231 1861 1376 1900 dulci.“

376 1928 491 1973 Quae
520 1929 637 1968 citius
668 1930 773 1969 dicto
805 1930 1056 1982 complentur
1087 1929 1260 1981 denique
1291 1930 1445 1968 cuncta.

373 1997 429 2035 At
458 1998 582 2049 prolis
613 1998 789 2047 comites,
821 2000 972 2037 sontem
1002 1999 1210 2037 lustrando
1241 2001 1458 2046 recentem,

373 2064 618 2105 Reddebant
649 2071 787 2117 grates
819 2068 967 2106 laetato
998 2070 1162 2119 pectore
1193 2066 1346 2114 dulces,

262 2130 353 2172 790.
371 2133 506 2185 Atque
537 2135 642 2173 sitim
674 2135 847 2188 lymphis
877 2136 1034 2174 tristem
1065 2136 1276 2188 dempsere
1306 2133 1489 2173 novellis.

376 2201 556 2254 Cumque
587 2204 809 2255 profecturi
839 2204 990 2243 deserti
1019 2217 1092 2256 per
1122 2204 1209 2243 loca
1238 2204 1345 2242 vasti

375 2269 536 2318 Essent,
567 2272 616 2309 ad
648 2273 820 2324 palmam
851 2272 971 2312 Jesus
1000 2274 1057 2311 sic
1088 2273 1249 2311 dixerat
1278 2273 1425 2324 ipsam:

375 2338 460 2385 „De
491 2344 531 2377 te
563 2340 710 2393 quippe
740 2355 829 2380 meo
859 2344 1088 2393 praecepto,
1119 2341 1307 2393 palmula,
1335 2339 1493 2388 mando,

369 2408 580 2458 „Angelus
611 2414 655 2447 ut
685 2410 796 2448 coelo
828 2410 1009 2457 veniens,
1042 2410 1221 2461 dilapsus
1251 2410 1300 2448 ab
1331 2409 1424 2456 alto,

264 2473 355 2515 795.
372 2475 529 2524 „Tollat
558 2476 635 2514 rite
665 2480 733 2516 tuo
763 2490 917 2517 ramum
947 2478 997 2516 de
1028 2478 1180 2517 vertice
1210 2489 1375 2525 summo,

293 2656 355 2684 ¹1³5.
375 2655 422 2682 Ex
444 2656 549 2690 radice,
568 2655 598 2685 S.
639 2655 815 2693 Secreto,
835 2656 874 2684 M,
894 2667 922 2688 ιι.
943 2658 975 2687 P.
996 2657 1116 2695 Sem-eti,
1138 2658 1169 2689 C.
1189 2669 1217 2688 u.
1238 2657 1269 2689 S.
1305 2659 1366 2689 789.
1388 2658 1555 2693 laetate,
1572 2654 1612 2685 M.

361 2702 523 2737 laento,
545 2703 567 2729 Ρ
