1702 2939
581 226 896 269 —105—

62 342 229 385 215.1n
261 343 351 396 quis
380 345 594 396 peccatum
623 343 763 397 lapsus
795 343 963 384 deflevit
993 356 1186 393 amarum,

173 413 340 452 Invenit
369 413 532 460 laetum,
565 426 684 464 quem
714 413 909 452 credebat
938 414 1026 452 fore
1057 416 1268 462 moestum,

171 481 227 522 Et
257 494 347 521 cum
377 482 573 520 laetitiam
602 482 821 520 miraretur
851 482 927 520 sibi
958 494 1105 530 caram,

171 550 380 598 Peccator,
411 550 588 588 lacrimis
615 551 699 602 jam
727 550 945 589 mundatus
976 551 1079 589 bene
1110 550 1239 601 largis

171 618 227 658 Et
257 621 393 657 certus
423 619 584 666 veniae,
616 621 756 658 sancto
788 619 960 665 dicebat,
992 619 1211 658 amandae:

59 684 153 726 220.
176 686 331 740 „Spero
363 687 537 738 quidem,
568 701 642 739 per
673 690 714 726 te
743 701 807 726 nie
839 688 1002 735 salvari,
1033 689 1151 740 pater
1182 688 1299 736 alme,

175 755 250 804 „In
282 756 432 794 somnis
463 756 558 807 qnia
588 758 628 797 te
656 756 740 794 vidi
770 756 976 795 luctamen
1006 756 1109 795 inire

172 824 278 872 „Pro
307 837 372 863 me
405 838 495 863 cum
525 837 650 863 saevo
679 838 838 864 necnon
869 827 1061 877 serpente
1092 824 1283 875 maligno,

175 891 334 941 „Quem
364 895 409 932 tu
438 893 573 931 vicisti
603 893 735 932 subito
765 893 918 932 virtute
951 896 1166 946 supcrna.“

229 960 409 1000 Auribus
439 961 606 1000 intentis
637 964 682 1001 ut
713 962 840 1001 sensit
868 963 998 1001 verba
1027 961 1231 1013 loquentis

58 1026 153 1068 225.
173 1028 370 1077 Antistes,
401 1030 564 1068 laudem
595 1028 747 1069 Christi
778 1031 924 1069 cecinit
954 1030 1108 1083 pietati,

175 1096 454 1150 Extraxitque
484 1099 572 1137 loco
605 1099 757 1151 captivi
785 1101 966 1138 membra
995 1099 1149 1149 nigello

174 1165 229 1204 Et
258 1166 367 1205 locat
396 1167 437 1205 in
468 1167 632 1218 propria
663 1168 793 1206 noctis
825 1169 899 1207 sub
931 1170 1116 1220 tempore
1148 1167 1264 1214 cella,

173 1234 290 1280 Quae
321 1235 626 1274 fuit.ecclesiae
657 1236 777 1275 lateri
808 1238 1024 1289 conjuncta
1054 1237 1252 1282 sacratae,

173 1303 265 1342 Illic
292 1308 335 1342 et
365 1304 526 1356 plebem
552 1305 675 1356 jussit
706 1305 813 1344 coire
845 1305 1018 1353 fidelem,

58 1370 154 1412 230.
178 1371 234 1413 Ut
263 1373 417 1425 paritisr
448 1373 626 1425 preculis
657 1375 948 1425 pernoctarent
979 1373 1183 1418 studiosis,

177 1440 268 1485 Quo
300 1442 428 1480 bonus
459 1444 667 1481 errantem
697 1457 771 1495 per
803 1444 1038 1481 consuetam
1069 1441 1265 1494 pictatem

173 1509 319 1548 Pastor
351 1523 469 1548 ovem
499 1511 642 1551 turmis
672 1512 827 1563 proprii
852 1512 1060 1563 junxisset
1090 1510 1220 1548 ovilis.

173 1577 299 1617 Ortus
331 1591 503 1629 cumque
534 1579 675 1630 nigras
706 1580 835 1618 noctis
868 1580 927 1618 sol
959 1579 1119 1630 expulit
1148 1579 1323 1624 umbras,

172 1646 331 1686 Dextra
361 1647 560 1700 praedicti
591 1660 844 1700 comprensa,
874 1648 1053 1700 praesul,
1085 1645 1263 1692 homulli,

59 1712 153 1754 235.
170 1714 305 1754 Intrat
334 1716 374 1754 in
406 1716 632 1761 ecclesiam,
665 1729 805 1755 secum
823 1730 981 1767 quoquc
1014 1716 1191 1754 duxerat
1221 1715 1366 1766 ipsum.

173 1783 229 1826 Ut
258 1784 381 1822 limen
413 1785 540 1823 sacris
571 1785 707 1835 tetigit
737 1785 974 1823 venerabile
1005 1783 1168 1836 plantis,

174 1852 301 1891 Affuit
330 1853 486 1891 insidiis
517 1854 681 1893 latitans
714 1854 817 1891 clam
848 1853 1017 1891 daemon
1050 1852 1197 1890 amaris

171 1921 439 1973 Attraxitquc
470 1922 603 1961 virum
635 1935 783 1973 magna
816 1922 856 1960 vi
887 1922 1062 1973 denique
1095 1934 1269 1965 sursum,

170 1991 287 2029 Illius
319 1994 484 2043 arrepta
515 1994 674 2030 secreta
706 1991 851 2029 fraude
884 1991 1059 2029 sinistra.

56 2057 149 2098 2-10.
171 2060 236 2098 Ad
268 2073 387 2111 quem
419 2060 607 2108 Basilius,
641 2060 734 2098 forti
764 2059 1021 2097 mandamine
1054 2059 1238 2096 functus:

228 2128 430 2179 „Inprobe
463 2130 539 2175 fur,
570 2129 682 2179 regis
714 2130 914 2166 facturam
945 2127 1073 2165 redde
1105 2125 1297 2177 perennis

171 2196 249 2243 „Et
280 2197 388 2235 furto
421 2199 579 2248 raptam
608 2197 741 2235 victus
774 2196 852 2234 cito
885 2196 1029 2233 desere
1061 2194 1255 2246 praedam
1269 2195 1302 2231 !“

171 2264 243 2303 Cui
276 2278 371 2303 mox
403 2265 623 2303 communis
655 2267 891 2303 cunctorum
923 2264 1087 2302 dixerat
1117 2262 1255 2306 hostis,

169 2333 384 2372 Pei-versis
415 2346 566 2371 vacuas
599 2333 771 2385 implens
802 2333 1016 2371 latratibus
1048 2343 1190 2369 auras:

56 2400 152 2443 245.
176 2401 282 2450 „Cur
314 2404 468 2454 satagis
500 2404 708 2455 proprium
740 2403 922 2442 mihimet
952 2403 993 2440 vi
1026 2402 1174 2441 tollere
1206 2412 1384 2446 servum,

91 2559 151 2587 220.
173 2561 280 2594 parsi
298 2563 368 2586 ‘ter
387 2560 471 2586 alme.
494 2560 533 2588 M.
555 2569 584 2586 ιι.
603 2561 635 2589 Ρ.
672 2562 731 2588 219.
758 2560 799 2586 Ut
821 2562 935 2592 certus,
974 2559 1004 2585 C.
1026 2567 1053 2584 u.
1076 2557 1104 2584 S.
1150 2558 1211 2584 228.
1243 2554 1429 2585 conjunc-

179 2609 227 2639 te,
251 2606 290 2631 M.
312 2615 336 2632 u.
358 2607 390 2633 P.
436 2608 496 2633 *229-
525 2609 674 2640 coeii-e,
696 2607 724 2632 M
746 2614 753 2641 ;
784 2607 812 2631 in
845 2606 876 2632 P.
902 2607 937 2630 ist
958 2605 1008 2630 das
1034 2613 1048 2630 e
1078 2602 1338 2637 durchgesti·ichcn
1369 2600 1428 2625 und

178 2655 249 2677 statt
275 2653 380 2678 ‹less-en
407 2653 469 2678 dem
494 2652 588 2683 jussit
613 2655 662 2678 ein
689 2661 744 2686 que
771 2651 948 2685 angehangt.
1011 2651 1072 2678 236,
1093 2650 1150 2683 Et,
1191 2649 1231 2674 M.
1252 2656 1280 2675 11.
1302 2648 1352 2682 P.;
1382 2647 1428 2672 ein

177 2698 305 2726 {alscher
326 2699 595 2725 initialbnchstabe.
632 2699 692 2726 242.
713 2702 877 2732 captam,
897 2698 940 2731 P„
960 2696 989 2722 Γ.
1014 2705 1040 2721 u.
1061 2695 1091 2723 S.
