1702 2939
633 240 950 285 -161—

583 360 988 400 Constantinus.

91 429 180 469 Ah!
212 429 308 481 quid
339 429 473 468 fecisti
486 430 505 468 ⁴?

607 496 644 537 G
657 510 679 536 a
692 498 705 536 1
718 499 731 536 1
744 498 756 536 i
770 511 790 537 o
803 511 825 536 a
836 512 863 536 n
875 513 901 537 u
917 513 946 537 s.

91 566 201 612 Quid
232 580 397 619 possem
427 567 578 615 faeere,
609 567 688 605 nisi
718 568 859 618 fugam
891 570 1056 620 captare
1070 568 1089 607 ἰ)

583 634 988 676 Constantinus.

87 692 189 732 Non.

611 748 648 789 G
657 762 679 788 a
692 750 706 788 1
718 750 732 788 1
745 750 757 788 i
770 763 790 789 e
799 763 822 790 a
833 765 859 790 n
872 765 898 790 u
911 765 941 790 s,

86 805 232 846 Etiam.

578 863 981 904 Constantinus.

88 932 263 978 Quantis
295 936 391 973 tune
422 934 623 985 angustiis
655 935 878 984 urgebatur
912 934 1140 973 constantia
1171 935 1232 974 tui
1262 936 1441 988 pectoris
1456 939 1465 976 2

606 1000 643 1042 G
653 1003 724 1041 all
737 1003 750 1041 i
763 1016 782 1042 e
797 1015 819 1042 a
830 1017 857 1042 n
869 1017 895 1042 u
908 1017 937 1042 s.

87 1059 297 1099 Maximis.

578 1128 975 1168 Constantinus.

85 1197 139 1237 Et
170 1198 407 1250 quommodo
440 1198 608 1236 evasisti
621 1200 640 1237 ἶ)

604 1265 779 1306 Gallie
794 1279 934 1306 anus.

84 1335 164 1375 Mis
181 1334 235 1388 42)
277 1336 499 1374 familiares
529 1336 626 1374 socii
640 1367 647 1380 ,
681 1335 705 1374 J
709 1336 917 1375 ohannnes
959 1338 1000 1375 et
1030 1336 1196 1384 Paulus,
1240 1341 1461 1379 suaserunt

84 1404 185 1443 mihi
214 1407 357 1444 votum
387 1405 535 1443 fecisse
569 1403 763 1443 Creatori.

578 1472 975 1513 Constantinus.

85 1541 268 1581 Salubre.

610 1597 648 1638 G
659 1611 682 1637 a
693 1599 707 1638 1
718 1600 728 1638 1
740 1599 754 1637 i
765 1612 786 1638 e
798 1612 821 1637 a
831 1613 857 1637 n
868 1613 896 1638 u
909 1613 938 1638 s.

82 1665 358 1720 Experiebar:
404 1670 450 1706 ut
489 1681 532 1707 os
578 1668 630 1707 ad
659 1669 894 1708 vovendum
930 1669 1073 1722 aperui
1083 1701 1093 1718 ,
1135 1670 1313 1710 eoeleste
1339 1672 1457 1724 juva-

78 1749 173 1775 men
205 1736 327 1775 sensi.

573 1803 602 1844 C
618 1807 735 1845 onst
750 1806 973 1845 antinus.

83 1873 175 1920 Quo
206 1876 325 1927 paeto
339 1874 358 1913 Ῥ

604 1941 640 1983 G
654 1944 779 1983 allio
794 1956 817 1982 a
828 1957 855 1982 n
867 1957 892 1983 u
905 1957 934 1983 s.

77 2011 281 2064 Apparuit
322 2011 421 2051 mihi
461 2012 626 2064 juvenis
670 2025 868 2065 procerae
921 2013 1215 2065 magnitudinis
1228 2046 1238 2063 ,
1289 2028 1454 2055 erucem

78 2081 217 2120 ferens
247 2081 289 2120 in
318 2081 512 2129 humeris,
545 2084 588 2120 et
616 2082 838 2135 praecepit,
865 2084 911 2121 ut
942 2083 1084 2123 stricto
1114 2096 1308 2124 mucrone
1338 2085 1455 2124 illum

78 2162 286 2202 sequerer.

559 2217 967 2259 Constantinus.

77 2285 273 2339 Quisquis
304 2288 374 2327 ille
407 2293 506 2336 erat,
540 2288 710 2327 coelitus
741 2289 889 2327 missus
921 2290 1067 2329 fuerat.

601 2355 637 2396 G
652 2356 928 2396 allioanus.

77 2420 364 2477 Comprobavi3
404 2438 481 2464 neo
511 2438 624 2464 mora
635 2457 644 2474 ,
688 2426 910 2466 astiterunt
949 2427 1047 2466 mihi
1077 2440 1101 2467 a
1133 2427 1282 2468 dextra
1312 2425 1451 2469 laeva-

76 2505 153 2543 que
183 2493 330 2533 milites
361 2494 506 2534 armati
517 2525 525 2541 ‚
570 2507 741 2546 quorum
779 2496 941 2535 vultum
969 2496 1132 2536 minime
1163 2498 1327 2550 agnovi,
1359 2512 1451 2551 pro·

74 2561 281 2602 mittentes
310 2563 508 2602 auxilium
539 2563 612 2602 sui.

108 2717 158 2754 ⁴¹1)
177 2718 251 2746 Mei
275 2719 445 2756 {amillau-es²
470 2719 500 2748 C.
520 2728 549 2747 u.
571 2719 603 2751 S.

1122 2756 1173 2802 11
