1702 2939
597 272 912 315 —123—

188 386 307 434 Quod
337 386 505 441 pepigit,
537 390 712 441 pactum,
745 387 861 440 signo
893 388 987 428 fidei
1018 387 1250 428 stabilitum.

189 455 263 496 Cui
294 468 474 509 praeses,
506 470 677 510 pravam
707 470 870 495 rursum
899 469 1104 495 renovans
1135 456 1355 505 suadelam,

71 522 164 565 155.
186 525 320 564 Dixit:
351 526 411 574 „si
440 538 539 564 vere
571 526 710 578 cupias
741 526 892 565 intacta
922 538 1087 564 manere

180 593 350 644 „Virgo,
382 593 483 632 deae
515 595 690 645 magnae
721 594 836 633 ritius
868 595 1120 645 subjungere
1153 592 1324 640 Vestae,

183 660 310 713 „Ejus
343 662 550 700 sacricolis
582 665 623 701 et
654 662 887 701 consociare
918 663 1078 714 puellis,

185 729 303 777 „Quo
335 729 536 780 condigna
567 731 640 769 fias
670 730 729 769 illi
759 743 921 783 semper
949 730 1174 769 samulari.“

243 796 360 836 Haeo
391 797 521 849 inquit
551 811 730 851 praeses,
763 802 905 838 contra
936 799 1007 837 sed
1039 798 1097 837 sie
1128 798 1184 836 ait
1213 796 1378 847 Agnes:

69 863 159 904 160.
183 865 253 913 „Si
283 866 379 904 mihi
405 867 500 918 jure
530 868 645 905 tuum
675 867 828 919 placuit
859 869 1147 918 contempnere
1179 867 1330 911 natum,

178 934 288 983 „Qui
318 934 474 972 ratione
507 934 666 985 vigens,
698 935 855 974 cunctis
887 948 1045 986 quoque
1078 933 1266 972 sensibus
1297 934 1419 971 utens

180 1000 435 1054 „Coi·poreiS,
468 1003 600 1041 anima
633 1003 792 1053 regitur
823 1015 1042 1054 numquam
1071 1001 1279 1049 moritura,

179 1069 403 1118 „Quamvis
435 1070 486 1109 sit
516 1071 659 1110 merito
691 1073 854 1110 baratro
887 1071 1138 1110 claudendus
1169 1070 1210 1108 in
1240 1069 1318 1107 imo

178 1137 346 1185 „Multis
378 1151 562 1177 errorum
592 1152 665 1191 pro
698 1140 919 1178 commissis
950 1139 1168 1184 variorum,

67 1203 159 1244 165.
182 1205 269 1253 „M
303 1218 444 1260 sanum
476 1207 639 1258 sapiens
671 1210 712 1246 et
742 1207 1070 1259 quandoquidem
1099 1205 1366 1257 resipiscens,

181 1274 261 1321 „Se
293 1274 436 1325 tingui,
469 1275 603 1322 saciat,
635 1288 738 1327 pura
769 1275 1023 1327 baptismatis
1053 1274 1174 1321 unda,

181 1341 310 1389 „Quis
342 1344 382 1381 te
413 1356 534 1394 posse
566 1343 694 1392 minis,
727 1345 794 1382 vel
826 1343 916 1395 quis
948 1343 1112 1381 tandem
1146 1341 1325 1380 suadelis

179 1410 270 1458 „Ad
301 1410 610 1450 simulacrorum
639 1412 743 1450 reris
773 1425 837 1450 me
869 1425 1018 1463 cogere
1050 1412 1215 1458 cultum,

178 1478 416 1525 „Artificum
447 1492 555 1528 eura,
589 1493 704 1531 quae,
737 1481 987 1519 conformata
1006 1480 1182 1527 metallo,

66 1544 159 1584 170.
183 1545 486 1594 „Membrorum
516 1548 663 1587 falsam
690 1551 855 1601 portant
885 1549 1133 1587 solummodo
1164 1548 1346 1594 sormam,

177 1614 366 1662 „Mobilis
399 1616 574 1654 officium
605 1617 808 1669 complent
835 1629 912 1655 nec
943 1616 1122 1668 corporis
1152 1615 1290 1662 ullum,

177 1682 347 1734 „Neque
379 1696 497 1721 suum
529 1685 624 1735 quid
654 1685 834 1723 viventis
866 1686 1095 1723 monstrant
1126 1683 1320 1721 animalis.

182 1749 261 1798 „Et
293 1751 400 1801 quod
431 1753 480 1790 ab
512 1752 573 1790 his
604 1753 823 1791 insensatis
854 1753 1126 1803 monstrisque
1156 1750 1339 1803 profanis

179 1819 396 1866 „Solamen
427 1820 537 1858 vitae
568 1821 748 1859 mihimet
779 1834 946 1873 sperare
979 1820 1188 1871 gerendae

68 1883 159 1925 175.
181 1886 390 1934 ,‚Possum,
422 1900 527 1938 quae
557 1889 642 1927 vita
674 1902 880 1940 sensuque
912 1888 1092 1927 carentia
1124 1889 1280 1933 cuncto,

177 1954 290 2002 „Nec
322 1955 397 1993 sibi
428 1956 665 2007 proficiunt,
697 1957 792 1995 mihi
823 1970 899 1995 nee
930 1969 1172 1994 succurrere
1203 1956 1374 2007 possunt
1387 1954 1431 1991 ?“

175 2022 291 2061 Haeo
321 2023 390 2062 ubi
421 2024 528 2063 dicta
559 2025 682 2071 dedit,
714 2037 883 2077 praeses
916 2023 1197 2076 Simphronius
1228 2021 1376 2072 inquit:

174 2091 437 2138 „Florentem
467 2093 608 2143 primis
638 2096 679 2132 te
711 2106 804 2131 nam
835 2105 1036 2143 cognosco
1068 2092 1141 2129 sub
1174 2090 1302 2137 annis,

179 2159 380 2209 „Ingenio
412 2172 582 2211 parvam
611 2174 770 2199 necnon
801 2164 935 2199 aetate
968 2160 1174 2206 tenellam,

64 2224 155 2265 180.
177 2226 309 2274 „Hinc
340 2228 515 2266 infantili
545 2229 751 2280 parcendo
783 2227 1031 2279 simplicitati

174 2295 431 2343 „Prudenter
463 2300 502 2335 te
535 2298 739 2349 subporto,
772 2296 926 2335 lasciva
958 2296 1106 2348 puella,

95 2497 152 2523 156.
187 2497 328 2530 rinus,
354 2497 575 2531 undcutliches,
605 2498 669 2523 dem
699 2506 713 2523 e
735 2497 888 2523 iilinliclies
916 2505 936 2529 r,
958 2497 1012 2530 M.;
1049 2497 1184 2529 citius,
1214 2497 1254 2528 1‘.‚
1293 2496 1323 2521 C.
1349 2503 1376 2520 u.
1398 2494 1427 2521 S.

183 2542 236 2569 163.
260 2542 518 2575 damnandus,
540 2543 583 2577 C.;
606 2543 691 2568 clau
705 2543 870 2576 dendus,
891 2542 1175 2568 aussallcnderwcise
1202 2541 1275 2566 auch
1298 2540 1326 2565 S.
1372 2541 1427 2565 166.

181 2588 301 2619 tingi,
327 2587 368 2619 R,
390 2588 420 2612 C.
442 2596 469 2612 n.
485 2587 514 2613 S.
563 2589 620 2615 167.
647 2590 776 2615 nimis.
800 2589 838 2614 M.
887 2591 943 2615 131.
966 2596 1128 2620 corpus,
1149 2587 1201 2620 M.;
1232 2587 1252 2611 P
1292 2586 1428 2616 coruigirt

176 2633 203 2657 in
224 2633 412 2665 corporis.
454 2635 508 2659 172.
530 2633 568 2658 So
588 2635 632 2667 P;
662 2635 688 2659 in
711 2635 749 2659 Μ.
774 2635 809 2659 ist
830 2634 976 2659 zwischvn
997 2634 1098 2666 Neque
1119 2632 1176 2658 und
1208 2633 1333 2656 viventis
1363 2631 1427 2655 eine

178 2677 284 2709 Rae-ur.
305 2678 362 2702 und
384 2685 427 2702 ani
444 2678 541 2703 Raude
564 2688 619 2704 vnn
641 2680 690 2705 der
706 2680 788 2705 nand
809 2680 859 2705 dcs
873 2680 988 2707 crues:
1009 2679 1052 2704 Et
1074 2686 1168 2711 neque
1193 2677 1316 2701 viventis
1332 2676 1427 2710 quic-

179 2732 221 2758 qu
235 2731 251 2748 a
263 2731 309 2758 m3
333 2724 441 2749 ebenso
466 2724 494 2750 S.
