1702 2939
564 222 879 266 —125-

156 340 238 381 Sed
270 340 467 388 Christus,
498 341 687 393 propriae
718 341 921 392 praebens
953 340 1149 379 solamina
1182 353 1368 393 sponsae,

154 409 275 448 Illam
307 409 498 448 conviciis
529 409 643 459 tangi
673 421 754 446 non
785 408 960 446 sustinet
990 409 1095 447 ullis.

41 475 135 517 215.
160 478 248 524 Α81,
281 478 350 516 ubi
381 477 573 515 distracto
607 476 783 515 nudatur
815 477 994 526 tegmine
1025 480 1121 524 toto,

159 544 359 584 Continuo
384 547 490 584 bene
523 545 681 583 densati
714 558 883 582 crevere
916 545 1062 596 capilli,

157 613 250 660 Qui,
283 614 407 652 ductu
436 614 558 663 longo
589 613 692 664 lapsi
723 612 772 650 de
803 612 959 650 vertice
992 626 1157 660 summo,

154 681 452 720 Descendendo
480 681 629 733 pedum
659 680 820 732 plantas
851 680 1026 730 tetigere
1057 681 1244 725 tenellas,

158 748 315 801 Corpus
349 752 389 787 et
420 761 536 787 omne
568 750 690 786 comis
723 748 877 798 tegitur
909 761 983 786 0611
1014 749 1194 799 tegmine
1226 749 1366 787 165118.

44 815 138 856 220.
161 817 298 868 thue
329 817 537 868 lupanaris
569 816 742 854 calcavit
772 816 910 854 limina
941 817 1080 865 tristis,

165 884 373 937 Extimplo
406 885 544 923 suavis
575 884 703 922 sensit
735 884 949 922 dulcamen
981 884 1126 932 odoris,

155 953 293 1004 Atque
324 954 456 992 locum
486 956 647 1004 turpem
677 952 776 990 miro
808 952 1027 1003 splendore
1057 953 1275 991 micantem

155 1021 344 1073 Aspexit,
376 1021 558 1060 tenebris
590 1020 659 1072 qui
689 1020 881 1059 sordebat
910 1021 1022 1072 prius
1055 1021 1166 1059 atris

153 1087 207 1127 Et
238 1102 328 1127 011111
359 1089 611 1128 sordidulum
641 1089 848 1141 compulsa
878 1088 1082 1127 subintrat
1111 1090 1151 1127 in
1181 1092 1353 1136 antrum,

40 1154 134 1195 225.
157 1156 344 1208 Angelus
375 1157 597 1196 Altithroni
626 1157 778 1195 blande
809 1157 923 1195 stetit
953 1157 1097 1195 obvius
1128 1157 1198 1204 1111,

155 1223 303 1264 Custos
333 1225 525 1267 indubius
556 1225 692 1263 fuerat
722 1225 789 1275 qui
819 1225 998 1276 corporis
1031 1226 1132 1276 ejus,

158 1292 315 1332 Obtulit
346 1296 387 1332 et
415 1296 586 1337 vestem,
618 1293 738 1331 niveo
770 1293 989 1344 splendore
1019 1293 1247 1341 micantem,

155 1360 256 1413 Ejus
287 1374 506 1399 mensurae
537 1361 829 1399 conformatam
859 1361 958 1398 satis
991 1364 1096 1412 apte.

157 1428 247 1467 Hac
279 1429 421 1467 induta
453 1429 614 1480 quidem
646 1428 797 1467 direxit
828 1429 878 1466 ad
909 1429 1078 1467 aethera
1109 1441 1263 1477 vocem,

40 1494 134 1535 230.
157 1497 333 1535 Assidue
366 1500 506 1548 grates
539 1496 698 1535 Christo
729 1497 958 1535 resonando
991 1510 1152 1544 suaves,

162 1563 287 1616 Cujus
319 1579 436 1616 opem
466 1565 568 1604 tanti
599 1565 728 1603 sensit
759 1566 832 1603 sub
863 1565 975 1603 fasce
1004 1566 1160 1617 pericli,

161 1631 287 1685 Cujus
320 1638 361 1672 et
392 1633 543 1672 auxilio
575 1633 711 1671 fuerat
740 1635 925 1684 protecta
954 1636 1138 1685 paterno,

155 1699 218 1739 Ne
250 1704 390 1753 posset
419 1701 574 1740 veteris
606 1701 810 1752 corrumpi
840 1701 1051 1740 fraudibus
1083 1701 1221 1740 hostis.

178 1768 351 1808 Interea
377 1771 566 1822 juvenes,
599 1772 764 1807 caecato
786 1769 907 1808 corde
938 1770 1135 1817 furentes,

41 1834 136 1876 235.
160 1837 350 1889 Undique
383 1838 563 1876 collectis
595 1838 746 1876 cursim
775 1851 930 1876 venere
962 1837 1153 1884 catervis,

154 1905 370 1945 Certantes
403 1907 535 1945 studio
566 1918 790 1958 perversae
820 1906 968 1944 mentis
998 1905 1149 1956 iniquo,

154 1973 255 2018 Quis
285 1974 397 2026 prior
427 1975 612 2021 intraret,
643 1974 711 2012 vel
743 1974 831 2025 quis
862 1973 1100 2025 perdiscere
1130 1976 1282 2025 posset,

152 2042 219 2081 An
250 2042 381 2093 virgo,
413 2041 578 2081 suffulta
609 2042 672 2080 sui
702 2042 921 2080 munimine
953 2040 1118 2088 Christi,

156 2109 284 2159 Haec,
317 2123 421 2161 quae
454 2111 641 2149 carnales
673 2123 835 2162 semper
866 2111 1110 2162 contempsit
1140 2122 1311 2158 amores,

39 2174 132 2216 240.
156 2178 247 2217 Jam
277 2191 388 2217 1111110
417 2178 579 2230 incepto
609 2183 750 2230 posset
779 2179 1002 2230 persistere
1032 2181 1140 2216 voto.

158 2245 246 2285 Nec
276 2259 401 2295 mora,
434 2250 699 2297 cognoscunt,
730 2259 807 2285 nec
838 2246 1119 2285 contradicere
1150 2248 1332 2298 possunt,

155 2313 275 2359 Quod
305 2327 524 2366 numquam
554 2315 722 2366 longum
753 2315 841 2366 quis
873 2315 1146 2353 confundetur
1176 2315 1217 2352 in
1248 2327 1408 2362 aevum,

153 2383 234 2427 Qui
266 2383 439 2421 credens
471 2383 640 2422 Domino
673 2383 787 2421 firma
819 2397 891 2435 spe
922 2383 1076 2435 pendet
1105 2383 1146 2421 in
1176 2383 1267 2431 111ος

153 2449 258 2488 Nam
290 2451 547 2502 quicumque,
579 2463 653 2490 sua
685 2452 916 2504 compulsus
947 2455 1084 2490 mente
1117 2452 1305 2504 superba,

0 2541 3 2558 ι
41 2513 134 2557 245.
158 2518 397 2569 Ingreditur
428 2519 558 2571 turpis
590 2519 770 2559 latebras
802 2520 1044 2560 temerarius
1077 2519 1202 2571 aedis,

42 2617 80 2624 ..—

106 2672 166 2702 21⁹.
192 2675 385 2710 tetigitur,
406 2675 447 2704 M.
467 2683 496 2704 u.
517 2675 549 2705 P,
