1702 2939
807 237 1121 280 -266—

793 354 1139 407 Paphnutius.

281 420 388 460 Laus
430 421 634 462 dulcedini
674 425 768 462 tuae
808 421 1362 476 n1iserati0nis,⁸³)Christe,
1406 423 1523 463 unice
1554 423 1644 473 Dei,

281 491 387 543 quod
417 490 496 529 mei
526 490 729 530 tristitiam
760 495 840 530 tam
871 491 936 544 pie
968 491 1159 543 dignatus
1191 505 1235 530 es
1266 491 1478 531 consolari.

827 559 1099 600 Antonius.

280 627 440 680 Dignus
472 632 535 667 est
565 628 733 667 laudari.

794 696 1138 749 Paphnutius.

280 764 353 804 Ibo
385 767 426 804 et
455 766 534 804 mei
565 766 767 818 captivam
798 766 981 805 visitabo.

825 835 1099 874 Antonius.

279 901 457 954 Tempus
488 909 562 945 est.
593 906 638 942 ut
667 903 725 942 illi
755 906 797 942 et
826 915 939 955 spem
970 904 1115 943 veniae
1148 906 1189 943 et
1218 903 1398 943 solamen
1428 902 1642 956 promittas

281 971 542 1010 beatitudinis
574 976 778 1011 aeternae.

785 1119 1123 1172 Paphnutius

278 1186 413 1235 Thais,
443 1199 534 1226 mea
565 1187 757 1241 adoptiva
787 1188 880 1235 filia,
913 1187 1026 1240 aperi
1058 1188 1293 1236 fenestram,
1325 1189 1371 1227 ut
1400 1188 1442 1227 te
1471 1185 1644 1226 videam.

882 1256 914 1296 T
929 1257 953 1295 h
967 1257 1053 1296 ais.

278 1312 380 1358 Quis
412 1313 619 1365 loquitur?

797 1370 1138 1424 Paphnutius,

275 1438 543 1491 Paphnutius,
575 1442 693 1492 pater
723 1441 828 1479 tuus.

880 1507 1050 1548 Thais.

277 1575 395 1616 Unde
427 1576 523 1614 mihi
549 1577 782 1628 jocunditas
814 1580 951 1616 tantae
982 1575 1173 1624 laetitiae,
1203 1577 1248 1615 ut
1278 1578 1321 1615 tu
1352 1588 1416 1614 me
1446 1574 1644 1628 peccatri-

277 1657 366 1683 cem
397 1644 627 1695 dignareris
645 1644 697 1697 ⁸⁴)
728 1645 909 1684 visitare.

791 1713 1136 1766 Paphnutius.

275 1780 391 1820 Licet
422 1794 495 1833 per
527 1781 601 1821 hoc
632 1781 851 1821 triennium
882 1783 1030 1821 absens
1061 1794 1194 1820 essem
1225 1793 1405 1833 corpore,
1433 1780 1532 1820 haut
1561 1793 1643 1820 mo-

275 1850 408 1889 dicum
439 1857 573 1889 tamen
605 1851 802 1890 sollicitus
833 1864 920 1889 sum
937 1850 994 1901 ⁸⁵)
1025 1863 1097 1902 pro
1128 1850 1186 1889 tui
1217 1850 1359 1889 salute.

879 1919 1047 1958 Thais.

273 1974 363 2014 Non
397 1974 546 2014 dubito.

783 2031 1133 2084 Paphnutius.

272 2099 446 2152 Expone
490 2100 586 2138 mihi
636 2099 844 2140 historiam
896 2103 990 2140 tuae
1032 2099 1352 2140 conversationis
1397 2099 1641 2152 modumque

274 2168 591 2221 conpunctionis.

878 2225 911 2265 T
925 2226 947 2264 h
962 2226 1049 2264 ais.

273 2293 362 2332 Hoc
393 2307 556 2346 possum
586 2308 806 2347 exponere,
829 2294 935 2347 quod
966 2307 1046 2333 non
1078 2295 1227 2343 neseio,
1245 2307 1308 2334 me
1342 2294 1439 2334 nihil
1472 2294 1641 2347 dignum

274 2361 360 2400 Deo
393 2361 539 2412 egisse.

782 2419 960 2472 Paphn
976 2433 1001 2459 u
1016 2419 1133 2459 tius.

275 2486 317 2525 Si
348 2485 459 2525 Deus
490 2486 722 2539 iniquitates
754 2488 998 2535 observabit,
1030 2501 1147 2527 nemo
1179 2487 1405 2528 sustinebit.

305 2654 356 2688 Η]
378 2655 669 2687 miserationum.
699 2655 770 2680 fehlt
798 2657 825 2680 in
847 2657 878 2682 (⁸.
902 2664 928 2682 n.
951 2655 979 2681 S.
1017 2654 1066 2682 8⁴.
1087 2655 1125 2682 Μ.
1145 2655 1194 2681 hat
1216 2655 1296 2683 nicht
1318 2655 1500 2691 dignaris,
1533 2665 1556 2686 a.
1576 2656 1635 2694 ng.

374 2709 398 2734 p.
422 2701 480 2734 ³62,
506 2701 587 2727 Anm.
608 2708 634 2728 a.
668 2702 722 2736 123)
742 2702 888 2728 *onicinus
909 2701 946 2729 fu
961 2702 978 2737 i,
999 2701 1029 2728 C.
1055 2711 1082 2730 ιι.
1106 2701 1135 2730 S.
