1702 2939
804 225 1117 267 —170—

809 341 1092 381 Johannes

267 409 334 449 Ex
371 408 565 461 qualitate
596 409 776 449 rectoris,

855 467 886 507 P
900 479 922 505 a
934 468 981 506 ul
994 480 1020 506 ιι
1034 480 1064 506 s.

270 533 490 586 Reliquisti
522 548 678 574 omnem
708 535 947 587 religionem
979 538 1019 575 et
1049 535 1227 574 imitatus
1250 547 1294 573 es
1315 534 1567 575 idololatriae
1583 535 1636 587 ⁰⁹)

271 603 615 655 superstitionem.
674 604 844 643 Probae
875 604 1085 656 iniquitate
1118 606 1159 643 et
1189 616 1212 642 a
1239 604 1318 643 tuis
1342 603 1636 657 conspectibus,

268 678 310 711 et
339 683 363 709 a
393 675 554 711 tuorum
583 673 778 712 societate
808 687 880 712 nos
912 672 1200 712 subtraximus.

827 753 1089 792 Julianus.

267 818 383 859 Licet
425 820 523 859 satis
569 821 705 860 multis
733 821 785 873 ⁷⁰)
826 833 849 860 a
888 821 1004 860 vobis
1043 820 1335 859 dehonestatus
1375 819 1450 858 sim
1493 819 1637 868 adhuc,

275 892 421 935 tamen,
453 901 626 941 parcens
657 890 864 939 audaciae,
906 890 1021 943 cupio
1057 902 1130 928 vos
1171 888 1276 928 inter
1317 888 1467 942 primos
1497 887 1538 927 in
1568 899 1638 941 pa-

267 956 363 996 latio
396 958 613 998 extollere.

809 1015 1094 1055 Johannes

267 1081 328 1122 'Ne
360 1083 488 1134 fatiga
519 1087 577 1131 te,
611 1085 703 1136 quia
733 1097 809 1124 nec
840 1084 978 1132 minis,
1020 1096 1096 1123 nec
1131 1082 1419 1123 blandimentis
1457 1081 1640 1135 cogimur

268 1151 427 1190 cedere.

831 1209 856 1249 J
866 1209 976 1249 ulia
987 1222 1012 1248 n
1024 1222 1049 1248 u
1061 1221 1091 1248 s,

267 1276 419 1316 Decem
449 1277 607 1317 dierum
643 1278 745 1317 dabo
777 1278 981 1326 inducias,
1025 1291 1102 1330 quo
1145 1276 1309 1316 tandem
1347 1274 1639 1329 resipiscentes

268 1345 375 1384 ultro
407 1346 618 1385 maturetis
652 1347 905 1386 reconciliari
932 1347 1089 1398 gratiae
1115 1347 1279 1384 nostrae
1307 1345 1527 1397 dignitatis.
1569 1344 1639 1384 Sin

269 1418 415 1461 autem,
435 1415 540 1466 quod
574 1415 808 1455 faciendum
826 1418 899 1463 est,
918 1415 1074 1464 faciam,
1098 1427 1150 1453 ne
1179 1414 1288 1453 ultra
1309 1408 1362 1466 ⁷¹)
1391 1413 1508 1453 vobis
1537 1412 1639 1452 ludi-

269 1483 399 1521 brium
430 1484 532 1522 fiam.

855 1541 887 1580 P
900 1541 984 1580 aul
998 1555 1022 1579 ιι
1037 1554 1066 1579 s.

271 1607 389 1652 Quod
422 1608 605 1648 facturus
637 1610 729 1658 eris,
773 1610 892 1649 hodie
923 1609 1094 1662 perfice,
1136 1608 1229 1660 quia
1258 1620 1335 1647 nec
1364 1607 1415 1646 ad
1445 1606 1504 1646 tui
1534 1607 1640 1646 salu-

275 1676 479 1725 tationem,
511 1691 587 1716 nec
611 1678 662 1716 ad
694 1679 905 1731 palatium,
946 1691 1023 1717 nec
1061 1677 1112 1716 ad
1141 1677 1341 1717 culturam
1370 1675 1538 1715 deorum
1567 1689 1640 1716 nos

278 1745 431 1796 poteris
462 1758 669 1786 revocare.

835 1803 860 1843 J
871 1817 895 1842 ιι
908 1804 920 1841 l
935 1803 978 1842 ia
988 1816 1014 1841 n
1027 1817 1052 1841 u
1066 1815 1096 1841 s.

271 1869 406 1918 Abite,
440 1871 648 1921 discedite,
681 1884 784 1924 quae
816 1872 963 1920 monui,
995 1873 1253 1924 perpetrate!

821 1939 1094 1979 Johannes

270 2005 473 2058 Acceptas
521 2020 601 2045 non
647 2007 760 2047 flocci
809 2008 1004 2047 faciamus
1049 2007 1254 2055 inducias,
1301 2006 1374 2045 sed
1420 2005 1638 2046 facultates

271 2074 383 2112 coelo
415 2075 720 2126 praemittamus
744 2076 796 2128 Ἡ)
827 2089 984 2128 nosque
1020 2075 1186 2128 jejuniis
1218 2077 1260 2115 et
1290 2073 1636 2115 obsecrationibus

275 2142 360 2181 Deo
392 2143 553 2183 interim
583 2144 921 2184 commendemus.

858 2212 1065 2266 Paulus.

272 2276 534 2331 Consequens
565 2283 638 2320 cst.

832 2394 856 2434 J
869 2408 894 2434 u
907 2395 918 2433 l
930 2395 941 2433 i
954 2407 977 2433 a
988 2407 1014 2432 n
1026 2407 1051 2432 u
1063 2407 1093 2432 s.

272 2461 402 2510 Vade,
422 2461 679 2511 Terentiano,
698 2463 750 2516 ⁷³)
782 2463 951 2517 sumptis
983 2466 1117 2503 tecum
1145 2461 1338 2501 militibus
1360 2461 1556 2513 compelle
1570 2460 1637 2501 Jo-

306 2596 355 2628 69)
377 2595 603 2629 idolatriae,
624 2597 662 2622 M.
678 2597 750 2623 n.P.
788 2598 836 2630 701·
857 2605 911 2622 mu
927 2597 933 2621 Ι
948 2599 1030 2629 tum,
1053 2597 1083 2623 C.
1099 2605 1127 2622 u.
1141 2595 1189 2630 S.;
1210 2595 1310 2621 multis
1330 2601 1370 2621 sc.
1392 2593 1497 2620 verbis.
1533 2593 1580 2627 7¹)
1601 2600 1638 2618 ne

375 2640 490 2674 ultro,
523 2641 576 2676 C.;
599 2649 670 2667 non
701 2642 822 2675 ultro.
843 2641 891 2674 S.;
913 2641 1097 2675 ludibrio,
1119 2641 1159 2674 C.,
1175 2641 1205 2668 S.
1229 2649 1257 2669 u.
1282 2639 1342 2675 ΜΒ.
1380 2640 1428 2673 72)
1446 2639 1638 2674 permitta-

375 2695 472 2721 mus,
493 2686 572 2719 S.‚u.
601 2687 661 2722 Mg.
707 2688 753 2721 73)
775 2687 1037 2720 terrentiane,
1060 2686 1099 2713 Μ.
1123 2695 1150 2714 ιι.
1177 2686 1210 2714 Ρ.
