1702 2939
762 200 1078 244 —150-

233 333 413 365 sensero,
430 319 530 358 baut
552 318 642 357 leve
667 318 885 370 dampnum
910 317 1042 370 patiar
1066 317 1103 355 in
1131 318 1294 370 publica
1313 330 1378 368 re3
1410 318 1443 357 si
1460 320 1608 366 autem,

235 389 341 442 quod
372 387 492 434 absit,
522 387 688 434 renitor,
719 385 898 424 aeternis
929 385 1172 424 cruciandus
1203 386 1344 438 poenis
1378 387 1610 438 subjacebo.

760 452 791 493 C
802 467 824 493 o
837 467 862 492 n
875 467 894 493 s
906 456 920 493 t
931 466 955 492 a
967 467 991 492 n
1005 458 1020 492 t
1033 454 1043 492 i
1055 466 1089 492 a.

235 524 277 564 Si
307 523 413 562 enim
442 523 622 562 divinum
654 522 917 574 desperarem
946 522 1093 561 adesse
1123 522 1321 562 auxilium
1359 522 1456 562 mihi
1491 531 1612 576 quam

234 593 426 640 maxime,
457 591 553 630 mihi
582 591 835 644 potissimum
867 594 978 629 esset
1006 590 1235 629 dolendum.

724 657 1126 699 Constantinus,

1518 630 1536 648 Ι

238 728 407 768 Verum.

754 781 1096 823 Constantia.

240 853 362 894 Nunc
416 856 554 892 autem
603 852 740 891 nullus
787 853 1032 904 relinquitur
1072 852 1186 891 loeus
1226 852 1456 892 moestitiae
1495 865 1613 906 prae-

242 921 419 961 sumenti
449 921 499 960 de
530 921 691 960 Domini
719 919 884 973 pietate.

728 988 1135 1028 Constantinus.

240 1057 277 1104 Q
289 1071 382 1098 uam
411 1058 516 1097 bene
548 1057 659 1106 dicis,
690 1069 782 1096 mea
809 1055 1067 1096 Constantia!

766 1123 796 1164 C
807 1138 829 1164 o
839 1138 865 1164 n
875 1138 894 1164 s
907 1127 924 1164 t
935 1137 959 1164 a
973 1138 998 1163 n
1012 1125 1095 1164 tia.

241 1194 283 1234 Si
323 1207 458 1234 meum
505 1193 688 1244 digneris
729 1195 895 1246 captare
933 1193 1156 1242 eonsilium,
1177 1194 1227 1246 ¹²)
1264 1194 1614 1246 praemonstrem,

241 1263 419 1316 qualiter
450 1265 669 1314 utrumque
700 1262 879 1302 evadere
909 1262 1040 1315 possis
1072 1262 1301 1315 dampnum.

727 1329 1133 1370 Constantinus,

242 1399 276 1440 O
307 1399 480 1439 utinam!

763 1453 1089 1494 Constantia.

245 1524 411 1572 Simula,
443 1524 669 1576 prudenter
699 1527 867 1576 peraeta
906 1523 1180 1576 expeditione,
1212 1523 1338 1576 ipsius
1368 1523 1474 1563 votis
1504 1525 1546 1563 te
1566 1524 1621 1574 ¹³)

246 1593 552 1632 satisfacturum
583 1604 686 1640 esse,
726 1594 778 1639 et,
816 1594 861 1630 ut
887 1604 1022 1630 meum
1052 1591 1291 1631 concordari
1322 1592 1464 1632 eredat
1493 1593 1614 1640 velle,

244 1661 386 1709 suade,
428 1673 506 1713 quo
547 1672 642 1699 suas
673 1659 836 1698 interim
876 1659 993 1708 filias,
1021 1659 1201 1699 Atticam
1231 1672 1278 1698 ac
1297 1659 1346 1712 ¹⁴¹)
1377 1659 1613 1709 Artemiam,

241 1729 359 1768 velut
396 1742 469 1781 pro
513 1728 714 1767 solidandi
743 1727 915 1780 pignore
946 1728 1116 1774 amoris,
1145 1741 1304 1767 meeum
1330 1740 1516 1768 mansum
1552 1728 1613 1768 ire

241 1810 436 1849 meosque
466 1796 730 1849 primicerios,
771 1795 1000 1836 Johannem
1032 1798 1073 1835 et
1101 1795 1286 1844 Paulum,
1325 1809 1464 1836 seeum
1491 1796 1616 1837 faciat

241 1865 320 1904 iter
349 1868 558 1918 arreptum
588 1865 659 1903 ire.

730 1929 1132 1971 Constantinus,

240 2000 297 2040 Et
329 1999 437 2052 quid,
467 1999 501 2038 si
530 1999 661 2038 victor
691 2001 938 2047 revertetur,
959 1998 1008 2051 ¹⁵)
1039 1999 1136 2038 mihi
1166 1998 1244 2038 erit
1272 1999 1508 2051 agendum?

770 2064 1097 2106 Constantia.

241 2136 365 2183 Reor,
397 2135 677 2188 Omnipatrem
705 2135 819 2187 prius
850 2148 942 2174 esse
972 2135 1254 2182 invocandum,
1281 2148 1361 2186 quo
1392 2137 1442 2176 ab
1473 2136 1613 2189 hujus-

241 2204 349 2244 modi
377 2204 602 2243 intentione
631 2201 833 2243 Gallicani
862 2205 1032 2242 revocet
1052 2203 1103 2255 ¹⁶)
1135 2203 1322 2242 animum.

729 2269 1134 2311 Constantinus.

242 2339 276 2379 Ο
307 2339 401 2387 filia,
433 2339 526 2388 filia,
548 2341 742 2391 quantum
773 2339 991 2378 dulcedine
1022 2341 1117 2378 tuae
1148 2338 1434 2392 alloquutionis
1465 2337 1609 2377 amari-

238 2407 421 2447 tudinem
463 2408 685 2446 dulcorasti
729 2407 875 2446 moesti
912 2407 1061 2459 patris,
1102 2407 1223 2455 adeo,
1262 2410 1309 2447 ut
1343 2420 1418 2460 pro
1459 2407 1536 2446 hae
1566 2419 1613 2445 re

242 2475 355 2514 nulla
384 2479 478 2528 post
507 2476 608 2514 haee
630 2475 678 2528 ¹⁷)
705 2487 873 2514 movear
901 2474 1193 2514 sollieitudine!

280 2610 326 2641 12)
346 2609 599 2641 conscilium.
633 2608 673 2636 Μ.
703 2616 731 2634 n.
755 2608 786 2635 P.
841 2607 889 2642 ¹3)
909 2609 941 2632 te
962 2606 1036 2631 fchlt
1059 2607 1086 2632 in
1109 2606 1139 2634 C.
1162 2615 1188 2632 u.
1216 2606 1246 2633 S.
1305 2606 1350 2642 ¹⁴)
1372 2606 1495 2632 Atticam
1515 2608 1562 2640 et,
1582 2605 1612 2638 S,

281 2653 328 2685 15)
348 2657 633 2688 reverteretur,
655 2653 685 2680 C.
703 2661 732 2681 u.
750 2653 780 2680 S.
806 2654 853 2688 16)
871 2655 1087 2687 revocaret,
1110 2651 1142 2678 C.
1156 2660 1183 2678 u.
1198 2650 1228 2679 S.
1254 2650 1611 2687 17)po·thac‚c.u.s.
