1702 2939
645 220 931 264 „11-

222 349 306 400 „Te
339 349 433 404 quia
465 349 666 403 despexit,
699 349 848 389 sobolis
880 363 972 389 oum
1003 348 1109 390 dona
1138 348 1348 402 negavitf‘

279 419 372 459 Non
404 419 517 458 dedit
548 432 569 458 e
601 423 743 458 eontra
771 421 944 459 verbum
974 420 1037 458 vir
1068 418 1213 459 nobilis
1242 418 1383 466 ullum,

111 486 175 528 95.
224 487 306 528 Sed
336 501 524 527 moerens
555 488 654 527 abiit
685 488 811 527 silvas
842 488 1053 540 tristisque
1084 489 1240 540 petivit,

222 557 272 597 In
303 556 394 609 quis
426 569 549 609 saepe
581 570 753 608 gregem
784 556 999 595 consuevit
1027 569 1197 609 pascere
1228 555 1396 608 pridem,

223 626 297 674 Ac,
329 625 369 664 in
400 625 665 677 longinquam
694 639 874 677 pergens
904 638 980 677 per
1010 625 1129 663 devia
1158 627 1322 672 terram,

221 695 365 747 Ipsum
396 707 487 733 cum
516 694 691 747 propriis
723 707 862 733 secum
892 694 1077 732 ducendo
1108 693 1328 744 magistriS,

221 763 301 802 Hie
330 763 371 802 in
402 763 572 801 secretis
603 763 737 801 latitat
767 763 971 814 pascendo
1002 763 1169 801 latebris

108 831 304 872 100.Ne0
334 834 427 884 post
457 831 508 869 ad
538 831 711 883 patriam
741 831 895 883 placuit
925 844 1109 869 remeare
1140 830 1336 877 relictam,

221 900 375 940 Passus
406 913 580 952 namque
613 912 784 951 gravem
815 903 975 938 secreta
1004 902 1141 938 mente
1171 899 1369 951 pudorem

221 968 289 1008 Ex
318 968 467 1007 Ruben
497 968 656 1015 verbis,
689 969 757 1020 qui
788 982 832 1007 se
864 971 1075 1016 causatur,
1108 967 1266 1006 amaris.

277 1035 402 1089 Cujus
432 1041 622 1089 percerte
654 1040 746 1089 post
775 1050 938 1075 menses
970 1037 1124 1089 inclyta
1155 1036 1332 1087 quinque

219 1104 403 1158 Conjux,
436 1106 683 1156 desperans,
714 1106 828 1144 illum
854 1106 940 1158 jam
967 1098 1110 1144 vivere
1143 1106 1313 1153 salvum,

111 1172 202 1213 105.
219 1173 269 1212 In
301 1174 408 1212 soles
434 1174 549 1213 flevit
578 1187 654 1213 nec
687 1174 867 1213 solamen
900 1174 975 1213 sibi
1007 1174 1137 1222 scivit,

217 1241 387 1293 Hasque
417 1255 562 1294 preces
595 1243 754 1281 domino
785 1243 967 1295 profudit
996 1243 1114 1281 triste
1146 1241 1342 1281 dolendo:

218 1310 439 1357 „Israhelis
470 1314 617 1358 rector,
654 1312 766 1350 solus
798 1324 957 1362 quoque
989 1311 1124 1362 gentis
1158 1312 1325 1357 amator,

218 1378 327 1427 „Qui
358 1392 519 1432 semper
550 1380 715 1419 refoves
746 1379 831 1418 miti
861 1379 1015 1431 pietate
1047 1379 1246 1426 dolentes,

217 1446 326 1496 „Cur
355 1447 537 1487 mihimet
567 1447 721 1487 socium
750 1448 917 1486 voluisti
948 1448 1094 1486 tollere
1127 1459 1281 1494 carum,

109 1513 199 1554 110.
218 1515 413 1563 „Addens
443 1529 671 1555 moerorem
702 1516 809 1555 tristi
839 1529 1085 1568 semperque
1117 1515 1282 1563 dolenti,

217 1583 361 1632 „Quae
393 1597 555 1636 semper
586 1585 736 1623 sterilis
766 1584 897 1623 mansi
928 1584 1014 1622 sine
1054 1584 1239 1634 germine
1283 1582 1476 1621 ventris?

165 1644 168 1645 ⁷
216 1650 325 1699 „Sed
355 1665 464 1691 nunc
493 1654 658 1705 majoris
689 1653 840 1691 vulnus
872 1652 1032 1704 suspiro
1065 1651 1227 1699 doloris,

216 1719 343 1768 „Hoo,
377 1721 470 1771 quia
500 1734 577 1759 nec
607 1721 782 1773 penituS,
816 1721 911 1772 quid
943 1721 1161 1769 conferret,
1194 1720 1287 1768 seio,
1320 1732 1439 1759 casus

214 1787 385 1839 „Legali
416 1789 587 1837 domino,
620 1790 768 1828 devoto
799 1789 905 1840 legis
937 1789 1074 1828 amico.

105 1854 274 1905 115.„O
304 1870 369 1895 me
400 1857 572 1906 felicem,
604 1858 639 1896 si
669 1859 816 1897 saltem
845 1871 1016 1897 noscere
1048 1871 1221 1910 possem,

216 1924 390 1973 „Utrum
418 1938 526 1965 mors
556 1926 673 1965 illum
703 1927 835 1966 subito
867 1928 1054 1966 sorberet
1091 1939 1240 1974 amara,

212 1994 303 2042 „An
334 1994 542 2033 frueretur
573 1995 705 2034 adhue
737 1996 868 2034 calida
897 1996 1080 2035 vitaliter
1111 1998 1237 2034 aura!

209 2060 358 2110 „Certe
392 2062 425 2101 si
455 2063 614 2111 scirem,
644 2077 725 2103 non
752 2065 820 2116 jus
850 2065 1047 2103 moeroris
1078 2065 1284 2111 haberem,

210 2129 413 2178 „Tantum
444 2144 536 2170 cum
565 2133 747 2171 tenebris
777 2133 849 2171 leti
880 2134 1170 2172 subcumberet
1201 2132 1312 2180 atris,

102 2196 192 2238 120.
211 2198 378 2247 „Funus
410 2200 484 2238 sed
515 2213 670 2240 summa
701 2201 877 2240 colerem
907 2201 1143 2253 praenobile
1174 2213 1333 2253 pompa,

210 2267 399 2321 „Inclyta
430 2269 631 2320 condigno
663 2270 917 2309 committens
947 2271 1128 2309 membra
1158 2269 1387 2322 sepulchro.

269 2336 347 2375 His
377 2337 433 2376 ita
464 2337 600 2386 finitis,
632 2338 802 2377 sublatis
835 2339 964 2378 cernit
998 2339 1137 2378 ocellis

213 2403 263 2443 In
293 2405 416 2444 ramis
447 2406 553 2445 lauri
582 2410 824 2446 resonantes
852 2420 1060 2446 murmure
1092 2408 1201 2446 dulci

212 2472 352 2513 Pullos
381 2474 621 2527 plumigeris
652 2476 842 2515 volucres
873 2476 1125 2516 circumdare
1164 2475 1320 2529 pennis.

137 2652 193 2680 103.
213 2651 259 2687 (J
280 2652 349 2684 ujus
371 2652 413 2685 C..
443 2652 577 2687 Hujus,
597 2653 627 2680 S.
669 2656 724 2682 111.
748 2653 866 2688 Quod,
889 2655 920 2684 C.
943 2664 972 2682 u.
995 2656 1013 2682 S
1066 2656 1120 2683 11-2.
1143 2656 1305 2689 nomint,
1327 2655 1356 2681 S.

138 2698 191 2725 120.
215 2697 351 2732 colere,
373 2698 423 2733 Μ;
446 2699 476 2724 Ρ.
497 2701 632 2734 corrigirt
652 2701 680 2726 in
701 2701 884 2729 colerem.
