1702 2939
582 225 898 269 -187-

602 343 887 385 Sisinnius.

60 403 258 444 Probabo.

637 458 857 499 Hirena.

59 517 121 560 Ae
152 517 269 558 citius
299 517 424 561 libito.

598 572 886 614 Sisinnius.

59 643 122 684 Ne
161 643 407 693 terreamini,
448 643 608 691 milites,
651 641 866 682 fallacibus
915 640 1038 695 hujus
1085 639 1363 694 blasphemiae
1380 638 1433 693 ³⁶)

65 713 304 766 praesagiis.

650 767 866 808 Milites.

61 838 153 879 Non
185 840 399 888 terremur,
432 839 505 879 sed
535 838 617 879 tuis
648 836 880 890 praeceptis
911 849 1058 890 parere
1089 835 1265 875 nitimur.

604 985 887 1027 Sisinnius.

66 1057 148 1103 Qui
179 1058 276 1097 sunt
304 1056 356 1105 hi,
389 1057 458 1109 qui
487 1070 561 1096 nos
591 1055 822 1095 invadunt?
883 1053 1016 1100 Quam
1056 1053 1206 1093 similes
1239 1055 1334 1093 sunt
1365 1052 1436 1092 mi-

61 1126 211 1174 litibus,
245 1126 391 1178 quibus
421 1125 621 1165 Hirenam
650 1123 912 1164 tradidimus!
973 1123 1060 1175 Ipsi
1092 1125 1197 1163 sunt.
1243 1121 1326 1162 Cur
1356 1123 1439 1162 tam

62 1195 140 1235 cito
171 1195 455 1235 revertimini?
502 1194 594 1241 Quo
624 1193 793 1234 tenditis
824 1195 908 1233 tam
938 1192 1105 1231 anheli?

637 1263 730 1302 Mil
742 1263 754 1301 i
767 1265 783 1302 t
795 1276 816 1301 e
831 1275 860 1301 s,

63 1321 122 1361 Te
154 1321 287 1375 ipsum
319 1321 561 1374 quaerimus.

606 1388 632 1428 S
645 1389 658 1428 i
670 1388 751 1428 sin
763 1388 851 1427 niu
865 1401 895 1427 s.

68 1458 148 1500 Ubi
179 1460 252 1508 est,
285 1471 405 1512 quam
435 1458 653 1498 traxistis?

641 1526 686 1566 M
696 1527 733 1565 il
743 1526 756 1565 i
768 1528 783 1565 t
793 1539 814 1564 e
827 1539 857 1564 s.

69 1584 120 1624 In
151 1585 368 1640 supere-ilio
398 1585 558 1625 montis.

607 1641 634 1682 S
647 1641 751 1680 isin
764 1640 852 1679 niu
864 1653 895 1679 s,

65 1698 190 1752 Cujus
206 1701 225 1739 Ρ

640 1755 815 1794 Milite
830 1768 861 1794 s,

63 1814 256 1855 Proximi.

608 1870 715 1910 Sisi
730 1884 755 1908 n
767 1869 855 1908 niu
867 1882 896 1908 s.

64 1939 97 1980 Ο
130 1940 330 1980 insensati
362 1942 402 1980 et
432 1941 602 1980 hebetes
633 1939 840 1991 totiusque
871 1936 1038 1977 rationis
1069 1937 1306 1989 incapaces!

643 2008 687 2047 M
699 2009 733 2047 il
746 2008 758 2046 i
769 2010 785 2047 t
798 2021 818 2046 e
832 2021 861 2046 s.

64 2077 146 2119 Cur
178 2078 358 2117 causaris
372 2080 391 2118 t>
440 2077 522 2117 Cur
551 2091 654 2117 voce
685 2079 726 2116 et
755 2077 874 2116 vultu
903 2075 1018 2115 nobis
1048 2075 1214 2114 minaris
1226 2075 1245 2114 P

600 2146 626 2186 S
640 2147 652 2184 i
666 2159 683 2184 s
697 2146 748 2184 in
761 2145 853 2184 niu
868 2158 898 2184 s.

61 2203 127 2244 Dii
157 2218 231 2244 vos
261 2204 457 2257 perdant!

637 2259 681 2299 M
693 2260 706 2299 i
718 2260 752 2299 li
768 2262 816 2299 te
831 2272 860 2298 s.

64 2330 172 2376 Quid
203 2330 244 2370 in
275 2331 316 2370 te
348 2329 648 2370 commisimus?
711 2328 845 2374 Quam
887 2327 958 2367 tibi
1003 2326 1194 2380 injuriam
1233 2325 1437 2366 fecimus?

64 2398 180 2445 Quae
209 2401 280 2439 tua
307 2399 422 2452 jussa
453 2397 705 2450 transgressi
736 2398 910 2436 sumus?

606 2467 892 2506 Sisinnius.

61 2536 206 2577 Nonne
237 2537 440 2590 praecepi,
471 2539 517 2577 ut
554 2537 752 2576 rebellem
791 2535 961 2574 deorum
1002 2534 1053 2573 ad
1085 2532 1351 2587 turpitudinis
1382 2532 1439 2574 10-

63 2618 152 2645 eum
182 2607 436 2646 traheretis?

96 2719 144 2755 36)
166 2718 204 2745 So
226 2719 280 2754 M.;
305 2718 564 2754 blasphemae,
585 2718 628 2753 C.‚
654 2717 683 2743 S.
704 2726 732 2744 n.
753 2717 813 2754 Mg.
