1702 2939
633 227 919 268 —71-

202 348 374 388 Necnon
404 345 636 398 praedulcis
668 347 908 395 gustassent
939 344 1065 396 ipsius
1096 345 1177 384 oris

202 416 397 462 Verbula,
431 414 658 453 rhetoricae
691 412 915 451 circumlita
946 413 1066 450 melle
1098 413 1298 465 loquelae,

203 484 412 537 optabant
443 482 621 534 speeiem
653 481 797 519 vinclis
829 480 1045 519 absolvere
1077 481 1213 529 talem,

202 553 317 592 Haec-
354 555 395 590 et
427 555 646 590 suaserunt
675 550 777 600 regi,
805 550 889 601 jam
920 551 1083 601 sceptra.
1113 549 1281 590 tenenti.

84 620 182 661 205.
204 621 345 673 Ipsum
376 620 507 659 felicis
539 626 650 658 certe
682 631 882 657 summum
913 620 1035 670 eaput
1064 618 1188 666 urbis,

204 689 450 742 Corruptum
481 688 601 735 vitiis,
635 688 950 738 cognoscebant,
983 685 1211 736 Sodomitis,

209 759 425 798 Formosos
456 757 561 796 facie
589 758 765 809 juvenes
796 755 991 794 ardenter
1022 768 1172 804 amare,

207 826 296 866 Hos
329 831 370 865 et
401 826 600 864 amicitiae
630 825 822 877 propriae
855 825 1106 876 conjungere
1137 826 1268 875 velle;

203 895 337 947 Hujus
369 907 543 946 namque
573 894 634 932 rei
663 906 875 940 memoreS,
907 893 1039 932 animo
1070 893 1280 933 miseranti

90 962 184 1003 210.
208 962 340 1003 Causa
371 964 532 1014 Pelagii
562 969 783 1002 suaserunt
813 961 911 1000 talia
941 962 1049 1012 regi:

252 1032 367 1080 „Xon
390 1033 508 1070 decet
529 1045 628 1082 ergo
648 1034 772 1078 tuum,
789 1030 980 1083 princeps
1000 1030 1230 1079 fortissime,
1244 1038 1463 1085 sceptrum,

200 1101 393 1149 „Duriter
424 1103 469 1139 ut
500 1114 673 1152 puerum
705 1099 874 1138 mandes
906 1099 1053 1151 punire
1085 1099 1289 1148 decorum,

202 1169 393 1218 „Obsidis
426 1175 467 1208 et
498 1175 663 1208 teneros
695 1168 867 1207 insontis
899 1168 1106 1219 stringere
1136 1181 1300 1209 nervos.

206 1238 335 1290 „Ejus
354 1239 638 1290 praenitidam
668 1238 799 1276 velles
831 1237 866 1275 si
898 1250 1069 1276 cernere
1099 1238 1271 1276 formam

83 1306 179 1346 215.
202 1307 280 1355 „Et
310 1310 394 1346 tam
420 1307 616 1346 mellitam
647 1306 781 1345 saltim
810 1311 979 1358 gustare
1010 1307 1235 1359 loquelam,

201 1376 363 1424 „Quam
394 1389 566 1428 cuperes
596 1378 790 1429 juvenem
820 1377 977 1415 tibimet
999 1377 1250 1428 conjungere
1271 1376 1406 1426 talem,

200 1444 371 1493 „Gradu
400 1445 566 1484 militiae
598 1459 758 1485 necnon
789 1457 999 1484 assumere
1029 1445 1196 1497 primae,

197 1512 404 1566 „Corpore
436 1514 652 1554 candidulo
684 1515 756 1553 tibi
787 1528 864 1566 quo
896 1514 1073 1553 serviret
1101 1514 1143 1552 in
1174 1514 1304 1553 aula.“

246 1581 323 1620 His
353 1595 430 1621 rex
460 1583 639 1622 mollitus
671 1584 801 1631 dictis,
833 1584 909 1622 hac
939 1595 1042 1622 voce
1075 1585 1253 1631 coaetus,

82 1649 321 1690 220.1ussit
350 1651 566 1702 Pelagium
595 1652 711 1691 nodis
744 1652 926 1690 evellere
958 1651 1070 1690 duris

198 1719 412 1771 Omneque
443 1720 608 1760 lavacro
641 1733 788 1773 corpus
819 1720 1038 1771 detergere
1068 1733 1171 1773 puro

195 1788 380 1839 Lotaque
412 1801 619 1841 purpureo
651 1789 905 1829 circumdare
935 1789 1116 1840 tegmine
1147 1790 1339 1839 membra,

207 1856 364 1896 Collum
395 1858 608 1908 gemmatis
639 1871 797 1897 necnon
829 1871 976 1898 ornare
1007 1859 1195 1907 metallis,

195 1926 286 1971 Quo
318 1927 421 1965 bene
453 1931 688 1967 constructa
718 1929 857 1979 posset
887 1928 975 1967 fore
1006 1927 1123 1966 miles
1153 1927 1194 1966 in
1225 1928 1330 1967 aula.

83 1993 179 2035 225.
201 1993 389 2035 Caesaris
420 1995 588 2048 imperio
619 1998 716 2034 tunc
747 1996 849 2034 haec
879 2000 1056 2047 urgente
1088 1998 1278 2049 superbo,

192 2063 401 2116 Extimplo
432 2064 561 2115 nigris
591 2067 749 2117 martyr
778 2065 1018 2117 producitur
1048 2066 1189 2112 antris,

210 2132 376 2172 Sistitur
407 2137 528 2184 atque
559 2138 657 2184 toga
687 2133 820 2184 regali
850 2138 1034 2186 comptus
1065 2134 1105 2172 in
1137 2135 1241 2173 aula.

254 2201 436 2253 Cumque
466 2202 655 2254 palatinis
685 2202 842 2240 medius
873 2204 979 2241 foret
1008 2203 1077 2241 ille
1107 2203 1277 2251 locatus,

199 2270 404 2309 Yincebat
435 2271 565 2309 socios
596 2272 736 2310 vultus
768 2271 986 2324 splendore
1016 2274 1190 2323 togatos,

83 2337 177 2378 230.
206 2339 254 2377 ln
287 2353 408 2390 quem
437 2341 646 2379 conversis
679 2353 817 2378 omncs
847 2340 1045 2379 mirantur
1077 2341 1229 2389 ocellis,

201 2407 303 2446 Tum
335 2409 479 2447 faciem
504 2409 688 2460 juvenis,
720 2416 805 2448 tum
837 2409 969 2448 dulcia
999 2410 1170 2448 verbula
1202 2410 1343 2449 fantis.

200 2477 383 2528 Aspectu
415 2478 543 2530 primo
575 2491 737 2529 quoque
768 2492 856 2526 rex,
888 2491 1114 2531 suspensus
1144 2478 1186 2518 in
1216 2478 1297 2527 illo,

120 2622 181 2648 203.
201 2622 434 2656 oli-solvere,
467 2623 525 2659 Μ.;
551 2624 582 2651 Ρ.
602 2625 766 2652 absolvere.
801 2625 862 2651 2023.
891 2626 1018 2659 neiis,
1046 2625 1086 2652 M.
1127 2626 1188 2653 208.
1211 2625 1306 2652 Has.
1338 2627 1368 2654 C.
1388 2633 1415 2651 u.
1431 2625 1461 2653 S.

206 2668 446 2701 conjugere.
475 2670 806 2705 M.;vcrg1.216.215.
830 2671 1038 2705 mollitam,
1060 2671 1090 2698 C.
1113 2680 1142 2699 u.
1165 2671 1194 2697 S.
1232 2672 1285 2698 ‘2⁴20
1319 2671 1460 2702 modin,

204 2713 232 2741 S.
254 2715 314 2742 222.
339 2715 547 2751 haetaque‚
575 2717 606 2745 C.
631 2726 659 2743 u.
679 2717 708 2743 S.
753 2719 935 2752 tegminA,
959 2717 998 2744 M.
1018 2725 1045 2743 u.
1066 2717 1099 2745 P.
1135 2718 1195 2745 223.
1217 2718 1401 2752 gematis,
1421 2717 1460 2743 Μ·
