1702 2939
786 189 1102 232 —196—

773 305 1125 347 Calimachus.

265 376 429 418 Miraris
441 377 461 417 Ρ
1419 385 1453 402 1.·

816 444 851 483 D
863 457 882 483 r
891 458 916 483 u
929 457 948 482 s
960 444 971 483 i
981 457 1003 482 a
1015 457 1040 483 n
1054 457 1087 484 a.

267 503 387 544 Satis.

774 556 1124 598 Caliniachus.

265 617 446 657 Primum
477 616 528 655 de
559 627 707 655 amore.

817 683 1083 723 Drusiana.

267 753 376 799 Quid
407 753 457 792 de
487 753 657 792 amore?

777 807 1126 848 Calimachus.

265 878 315 919 Id
346 878 514 926 scilicet,
547 878 654 930 quod
685 879 725 917 te
754 889 854 930 prae
885 877 1068 916 omnibus
1099 876 1234 929 diligo.

810 945 1087 984 Drusiana.

268 1015 388 1061 Quod
417 1016 486 1068 jus
503 1015 537 1067 Β)
569 1013 946 1065 consanguinitatis,
989 1026 1146 1065 quaeve
1187 1013 1333 1065 legalis
1372 1014 1546 1055 conditio
1575 1015 1634 1054 in-

266 1084 487 1124 stitutionis
518 1082 724 1136 compellit
753 1085 794 1122 te
826 1082 876 1121 ad
907 1082 986 1120 mei
1017 1083 1224 1122 amorem?

774 1149 1127 1190 Calimachus.

266 1209 343 1249 Tui
372 1208 643 1262 pulchritudo.

813 1275 1089 1315 Drusiana.

265 1334 361 1374 Mea
391 1334 681 1388 pulchritudo?

778 1388 808 1430 C
822 1390 868 1429 al
881 1391 943 1429 im
955 1402 978 1429 a
990 1403 1010 1430 e
1022 1390 1048 1429 h
1059 1404 1086 1429 u
1098 1403 1127 1429 s.

265 1449 405 1489 Immo.

812 1516 847 1555 D
860 1529 880 1555 r
891 1529 918 1555 u
931 1529 949 1554 s
962 1516 975 1555 i
986 1528 1009 1555 a
1021 1529 1046 1555 n
1059 1529 1093 1555 a.

269 1586 377 1632 Quid
407 1586 460 1625 ad
490 1588 531 1625 te
543 1587 563 1625 P

777 1639 807 1681 C
819 1642 867 1680 al
879 1641 891 1680 i
903 1655 941 1680 m
952 1654 975 1680 a
987 1655 1008 1681 c
1019 1641 1045 1680 h
1057 1655 1084 1681 u
1096 1655 1126 1681 s.

267 1711 348 1751 Pro
376 1711 490 1751 dolor
503 1713 511 1751 Ξ
544 1711 741 1750 hactenus
771 1723 926 1764 parum,
952 1711 1025 1750 sed
1051 1723 1182 1764 spero,
1203 1710 1311 1763 quod
1337 1710 1509 1751 attineat
1527 1711 1637 1765 post-

267 1780 441 1820 modum.

813 1836 1089 1876 Drusiana.

269 1904 457 1951 Discede,
504 1903 681 1952 discede,
721 1904 814 1944 leno
853 1904 1051 1954 nefande3
1095 1904 1320 1944 confundor
1351 1904 1458 1946 enim
1487 1904 1637 1945 diutius

270 1975 407 2012 tecum
437 1973 566 2012 verba
595 1972 912 2025 commiseere,⁰)
945 1986 1064 2025 quem
1084 1973 1215 2013 sentio
1245 1974 1412 2027 plenum
1441 1973 1638 2014 diabolica

270 2041 522 2094 deceptione.

786 2097 1128 2139 Calimachus.

268 2165 363 2205 Mea
394 2166 617 2212 Drusiana,
659 2179 711 2205 ne
740 2167 918 2219 repellas
947 2170 988 2206 te
1019 2169 1221 2207 amantem
1251 2170 1401 2220 tuoque
1431 2179 1568 2208 amore
1587 2167 1636 2221 ¹⁰)

272 2235 517 2274 cordetenus
547 2235 841 2284 inhaerentem,
872 2236 945 2274 sed
975 2236 1162 2289 impende
1193 2237 1318 2277 amori
1348 2237 1490 2276 vicem.

812 2304 1088 2344 Drusiana.

267 2370 488 2412 Lenocinia
529 2374 598 2411 tua
638 2373 755 2426 parvi
785 2374 918 2426 pendo
950 2374 1090 2426 tuique
1120 2373 1327 2414 lasciviam
1359 2373 1531 2424 fastidio,
1563 2373 1636 2414 sed
1691 2376 1702 2395 Α·

266 2444 308 2480 te
339 2441 471 2493 ipsum
502 2442 665 2493 penitus
697 2453 857 2493 sperno.

305 2610 339 2644 8)
359 2607 463 2635 Quae
484 2608 557 2643 vis,
578 2607 751 2635 stationed
769 2607 1042 2645 ju⁸,c.‚s.u.Mg.
1078 2609 1110 2645 9)
1129 2610 1300 2644 miscere,
1322 2609 1394 2639 C.u.
1407 2609 1438 2638 S.
1477 2610 1522 2646 1⁰)
1545 2617 1633 2638 nmo·

373 2655 423 2689 ri,
444 2654 485 2689 C.‚
509 2653 540 2681 S.
563 2662 593 2682 u.
614 2654 676 2689 Mg.
