1702 2939
598 231 913 274 -205-

75 365 153 404 quo
184 350 334 390 interni
350 349 404 402 ⁴¹⁰)
436 349 758 397 amaritudinem,
791 361 911 400 quam
941 349 1085 401 patior,
1108 348 1257 388 doloris
1288 350 1445 403 perspi—

74 432 190 460 ceres
221 421 262 458 et
291 419 446 458 dolenti
477 418 738 458 condoleres!

624 487 896 526 Johannes

74 557 324 608 Congaudeo
365 555 597 608 hujusmodi
639 555 779 603 dolori,
831 555 926 607 quia
966 555 1108 604 sentio,
1149 558 1191 595 te
1230 556 1448 596 salubriter

76 626 320 666 contristari.

580 680 934 727 Calimachus.

73 752 231 792 Taedet
260 764 324 790 me
355 751 502 804 prioris
533 751 655 798 vitae,
686 750 827 789 taedet
856 750 1139 790 delectationis
1169 750 1344 803 iniquae.

613 819 900 858 Johanncs

74 878 163 917 Nec
193 876 353 929 injuria.

585 932 934 973 Calimachus.

72 1003 274 1050 Poenina,
290 1001 344 1055 4¹)
377 1014 481 1054 quae
513 1002 674 1054 deliqui.

613 1071 900 1110 Johannes

74 1129 129 1169 Et
158 1129 314 1168 merito.

587 1184 935 1225 Calimaehus.

47 1254 276 1307 <Displicet
307 1263 436 1302 omne,
483 1254 589 1306 quod
620 1254 711 1301 feci,
751 1254 791 1292 in
835 1255 1007 1302 tautum,
1053 1256 1099 1292 ut
1142 1254 1281 1293 nullus
1326 1268 1449 1304 amor,

72 1324 186 1362 nulla
215 1323 406 1375 voluptas
438 1323 490 1362 sit
520 1323 698 1371 vivendi,
729 1323 807 1361 nisi
836 1326 1006 1362 renatus
1035 1322 1076 1361 in
1094 1321 1254 1363 Christo
1286 1337 1448 1363 merear

73 1392 114 1431 in
145 1392 290 1431 melius
318 1392 594 1431 transmutari.

620 1459 908 1499 Johannes

72 1529 164 1570 Non
195 1529 348 1579 dubito,
380 1529 476 1581 quin
506 1542 685 1582 superna
716 1529 851 1580 gratia
881 1529 922 1567 in
952 1530 993 1568 te
1025 1532 1232 1583 appareat.

589 1597 940 1637 Calimachus.

72 1667 172 1707 Ideo
202 1681 255 1706 ne
285 1666 468 1715 moreris,
494 1679 546 1705 ne
576 1666 787 1719 pigriteris
802 1667 962 1719 lapsum
977 1665 1032 1718 42)
1065 1667 1243 1719 erigere,
1260 1681 1446 1708 moeren-

72 1740 156 1776 tem
187 1735 530 1776 consolationibus
561 1735 761 1784 attollere,
794 1748 872 1786 quo
903 1737 972 1774 tuo
1002 1736 1169 1785 monitu,
1199 1738 1270 1776 tuo
1300 1738 1450 1789 magis-

72 1806 176 1845 terio
208 1818 232 1844 a
261 1804 405 1857 gentili
435 1804 477 1843 in
509 1803 786 1851 christianum,
814 1816 838 1842 a
867 1816 1028 1855 nugace
1058 1805 1100 1844 in
1130 1807 1287 1846 castum
1316 1809 1450 1846 trans-

73 1875 254 1913 mutatus
284 1874 430 1922 virum,
463 1875 614 1924 tuoque
655 1873 807 1912 ducatu
848 1873 1033 1912 semitam
1063 1875 1264 1928 arripiens
1299 1876 1450 1916 verita-

73 1942 138 1992 tis,
169 1942 307 1982 vivam
332 1943 455 1995 juxta
485 1942 648 1981 divinae
678 1941 940 1995 praeconium
969 1943 1259 1996 promissionis.

615 2010 900 2050 Johannes

75 2078 303 2119 Benedicta
333 2079 386 2118 sit
414 2079 533 2118 unica
563 2079 785 2132 progenies
829 2080 1064 2120 Divinitatis
1107 2081 1297 2134 idemque
1325 2083 1450 2135 parti-

76 2161 171 2201 ceps
201 2151 366 2188 nostrae
408 2148 656 2199 fragilitatis,
688 2148 756 2200 qui
795 2150 850 2197 te,
881 2148 937 2187 fili
969 2148 1212 2199 Calimache,
1243 2152 1450 2204 parcendo

77 2217 223 2257 occidit
253 2222 294 2256 et
325 2216 546 2256 occidendo
577 2216 814 2265 vivificavit,
848 2231 925 2269 quo
967 2231 1087 2257 suum
1116 2219 1274 2273 plasma
1308 2221 1450 2261 mortis

77 2287 214 2339 specie
245 2286 294 2325 ab
325 2285 494 2325 interitu
524 2285 720 2325 liberaret
750 2285 919 2325 animae.

558 2354 954 2395 Andronichus.

76 2421 164 2462 Res
194 2423 360 2463 insolita
391 2424 580 2477 omnique
611 2423 879 2464 admiratione
911 2424 1046 2477 digna.

113 2578 161 2616 40)
182 2590 238 2616 qno
261 2583 430 2616 interim,
451 2582 492 2615 C„
514 2580 542 2609 S.
563 2591 593 2610 u.
618 2581 677 2617 Mg.
716 2581 1058 2617 41)Poc=1itetque
1079 2581 1230 2618 delicti,
1254 2582 1305 2619 S.;
1326 2585 1448 2618 poeni-

181 2629 314 2662 tetque
338 2628 394 2654 dcl
410 2629 522 2662 iquii‚
544 2628 602 2662 Mg.
631 2629 688 2654 Der
700 2629 770 2656 Cod.
793 2627 872 2654 hatte
892 2637 989 2663 urspr.
1001 2627 1137 2655 Paenitet
1157 2636 1207 2655 me
1227 2629 1355 2665 deliq1133
1377 2632 1451 2658 iiber

182 2678 231 2699 me
251 2674 350 2700 wurde
370 2674 483 2700 sodann
504 2681 560 2700 von
582 2674 658 2701 alter
677 2674 761 2701 Hand
780 2683 875 2710 quac
900 2675 1104 2710 geschricben.
1141 2675 1191 2710 42)
1210 2675 1332 2711 lassum,
1355 2676 1396 2712 C.‚
1417 2677 1448 2705 S.

178 2719 238 2745 und
257 2719 318 2755 Mg.
