1702 2939
800 246 1081 290 ...22-

379 363 573 407 Gaudens
604 366 853 413 cunctorum,
883 366 1052 407 Domino
1083 365 1238 407 faciens
1267 366 1555 418 holocaustum,

381 436 487 482 Quid
520 436 606 476 fieri
632 436 760 488 jubet,
793 435 892 475 fusis
923 437 1110 490 precibus
1141 438 1354 488 rogitabat.

267 503 450 545 4—15.(*ui
482 518 577 544 mox
608 504 767 543 indiciis
797 505 943 544 divinis
974 506 1051 544 ista
1077 507 1284 557 jubentur,

391 574 591 628 Tempore
622 573 781 626 digesto
813 574 886 613 sibi
918 587 1020 626 quae
1054 576 1214 613 fuerant
1243 574 1438 615 facienda.

385 643 666 684 Praemonitus
695 642 834 695 virgas
865 643 931 694 qui
962 643 1070 681 misit
1099 643 1283 695 protinus
1313 642 1423 697 ipsas

384 713 434 754 In
466 713 603 766 templi
634 716 817 751 sanctum
847 711 988 751 famosi
1015 713 1108 764 jure
1138 716 1350 759 secretum,

383 781 655 829 Demandans,
687 781 825 833 quidni
858 781 1055 819 collectim
1088 780 1176 819 luce
1208 781 1393 833 sequenti

270 851 511 892 450.Jndae
542 850 705 902 regales
736 850 882 889 iterum
914 849 1076 888 venisse
1108 854 1289 902 nepotes,

382 919 718 971 Unumquemque
749 931 863 957 suam
894 931 1053 957 rursum
1084 931 1243 970 quoque
1264 931 1425 958 sumere
1451 918 1631 971 virgam3

385 988 489 1028 Nam
519 987 595 1026 sibi
625 1000 698 1041 pro
728 987 844 1039 signo
876 987 1025 1026 dictum
1056 988 1190 1027 suerat
1218 987 1444 1036 manifesto,

381 1057 512 1109 Virgo
544 1055 650 1108 quod
682 1056 782 1094 haee
813 1055 924 1094 credi
954 1056 1123 1095 deberet
1152 1056 1296 1094 nobilis
1327 1055 1398 1104 illi,

380 1126 441 1165 De
473 1125 587 1178 cujus
616 1124 737 1176 virga
766 1124 957 1164 volitaret
987 1124 1063 1163 rite
1095 1125 1288 1173 columba,

271 1193 364 1235 455.
382 1193 498 1240 Quae
529 1193 697 1246 petiisse
727 1193 863 1246 polum
893 1195 1111 1246 temptaret
1141 1193 1324 1246 protinus
1354 1193 1490 1233 altum.

439 1263 545 1302 Dum
575 1265 638 1301 ter
667 1262 776 1301 mille
808 1274 902 1301 suas
932 1262 1158 1301 retinerent
1188 1262 1364 1314 denique
1396 1264 1537 1316 captas

383 1331 536 1383 Virgas
567 1343 766 1384 personae
797 1330 1006 1383 praedicto
1037 1332 1219 1384 tempore
1251 1334 1400 1380 certae,

383 1399 471 1439 Neo
502 1399 663 1450 signum
693 1399 840 1452 populo
871 1399 1123 1452 praedictum
1153 1399 1347 1439 redderet
1375 1400 1471 1447 ulla,

384 1468 542 1509 Obtulit
572 1468 780 1507 incensum
808 1468 973 1521 praesul
1004 1468 1240 1507 venerabile
1270 1481 1430 1507 rursum

269 1537 363 1579 460.
383 1538 516 1590 Seque
548 1536 661 1575 dedit
690 1536 878 1589 precibus
909 1536 1055 1575 devoto
1086 1540 1252 1590 pectore
1282 1537 1394 1575 fusis.

384 1606 457 1647 Cui
487 1619 581 1645 mox
613 1605 780 1645 coelesti
811 1605 967 1644 dicetur
998 1618 1098 1644 voce
1127 1605 1331 1659 precanti:

387 1675 589 1728 „Virgula
616 1687 790 1727 namque
820 1674 956 1713 brevis
988 1674 1140 1727 Joscph
1166 1674 1266 1726 justi
1296 1674 1477 1722 senioris,

387 1745 527 1793 „Quae
554 1745 667 1797 jacet
695 1743 735 1782 in
766 1743 915 1796 templo
946 1756 1021 1782 nee
1051 1743 1291 1782 sollicitetur
1320 1744 1369 1782 ab
1400 1743 1495 1790 ullo,

387 1813 602 1866 „Implebit
631 1812 775 1851 merito
805 1812 966 1864 signum
995 1812 1252 1851 memorabile
1284 1812 1406 1851 sola.“

273 1881 366 1922 465.
497 1881 573 1920 His
604 1881 661 1920 ita
689 1880 824 1928 finitis,
855 1881 990 1919 sonuit
1020 1894 1103 1920 vox
1133 1880 1385 1933 pontificali&

384 1950 598 1998 Mandans,
629 1949 668 1988 in
699 1949 871 1987 mediam
901 1948 1054 2001 Joseph
1086 1949 1308 2002 procedere
1339 1950 1509 1989 turbam.

385 2019 463 2059 Hie
493 2021 583 2058 erat
611 2018 805 2071 abjectus,
837 2019 965 2057 forma
995 2018 1185 2070 nullaque
1217 2017 1404 2067 decorus,

388 2089 475 2128 Nec
505 2088 580 2127 sibi
612 2087 852 2141 complacuit
881 2087 998 2125 sociis
1029 2087 1223 2126 interfore
1253 2086 1390 2135 tantis,

386 2157 468 2197 Sed
497 2169 615 2208 mage
646 2158 848 2210 postremo
879 2155 1033 2207 gaudet
1060 2168 1272 2195 remanere
1301 2155 1455 2195 locello.

271 2225 365 2266 470.
383 2226 462 2272 Qui
491 2239 598 2274 mox,
629 2229 674 2265 ut
702 2238 843 2265 vocem
874 2225 1003 2264 sensit
1032 2237 1075 2263 se
1108 2225 1211 2264 forte
1242 2225 1468 2272 vocantem,

385 2295 591 2335 Processit
618 2293 801 2347 pavidus,
833 2294 991 2345 virgam
1022 2293 1300 2346 conprendere
1325 2293 1477 2345 jussus,

384 2362 449 2403 Ex
479 2376 557 2415 qua
587 2363 775 2403 continuo
806 2362 1026 2415 splendens
1057 2374 1226 2413 egressa
1255 2361 1440 2401 columba

386 2432 498 2472 Haut
523 2432 639 2471 tarde
669 2432 824 2471 coelum
855 2432 985 2470 fertur
1015 2430 1182 2483 petiisse
1213 2431 1425 2469 secretum.

386 2500 462 2540 His
492 2500 548 2540 ita
577 2500 803 2549 transactis,
834 2500 976 2539 laudes
1007 2499 1122 2552 plebs
1145 2499 1364 2551 concrepat
1394 2497 1534 2548 omnis,

310 2684 367 2711 nx.
388 2683 553 2714 effu-iu,
573 2681 603 2708 C.
626 2689 652 2707 u.
675 2681 705 2708 S,
742 2680 802 2708 445.
823 2680 1003 2712 iudiciis,
1029 2679 1078 2711 Μ.;
1103 2680 1129 2704 in
1153 2679 1182 2705 P.
1206 2679 1404 2705 unbentimmt.
1441 2677 1628 2712 450.1nde‚

388 2730 417 2758 C.
441 2738 457 2756 u
488 2726 541 2761 S.;'
562 2727 728 2764 regalis,
748 2727 779 2754 P.
817 2726 876 2753 456.
898 2734 910 2758 ι,
967 2735 977 2760 ,ι
1000 2733 1068 2759 umz
1093 2726 1140 2759 C.;
1164 2725 1265 2759 Cumt
1288 2723 1317 2749 S.
