1702 2939
786 195 1100 238 -188—

842 311 1059 352 Milites.

268 379 531 432 Praecepisti,
563 392 721 431 nosque
751 380 832 419 tuis
870 381 1100 433 praeceptis
1141 392 1306 433 operam
1345 379 1531 421 dedimus
1561 380 1633 420 im-

266 448 438 499 plendis,
470 448 542 486 sed
574 462 853 500 supervenere
885 449 964 487 <luo
1002 449 1131 500 ignoti
1166 451 1354 501 juvenes,
1385 451 1631 497 asserentes,

267 529 311 554 sc.
343 516 394 554 ad
428 517 501 554 hoc
533 531 585 556 ex
617 520 656 555 tc
687 517 844 566 missos,
876 523 921 556 ut
945 517 1143 557 liii-enam
1173 518 1224 558 ad
1255 529 1448 558 cacumen
1477 517 1624 558 montis

270 585 556 638 producerent.
573 585 627 638 ³⁷)

808 640 1090 683 Sisinnius.

267 697 526 750 Ignorabam.

837 755 1061 797 Milites,

267 813 551 864 Agnoscimus.

808 881 1089 922 sisinnius.

269 938 423 984 Quales
455 939 650 978 suerunt?

841 995 1059 1037 Milites.

262 1063 425 1104 Amic-tu
455 1064 668 1117 splendidi,
697 1065 817 1104 vultu
846 1066 1061 1105 admodum
1090 1065 1320 1106 reverendi.

805 1133 1097 1174 Sisinnius.

268 1200 376 1240 Num
407 1201 686 1253 sequebamini
717 1201 839 1242 illos?

841 1269 1056 1324 Milites.

269 1325 558 1378 Sequebamur.

808 1383 1082 1425 Sisinnius.

265 1440 374 1487 Quid
404 1441 621 1481 fecerunt?

841 1498 909 1538 Mi
925 1499 1024 1539 lite
1037 1511 1068 1539 s.

264 1567 301 1606 A
334 1567 482 1606 (lextra
512 1568 712 1620 laevaque
741 1567 922 1607 Hircnae
945 1581 989 1607 se
1019 1568 1262 1608 locaverunt
1287 1569 1329 1608 et
1357 1580 1432 1608 nos
1460 1567 1542 1607 huc
1571 1565 1630 1606 di-

264 1639 474 1684 rexerunt,
507 1649 584 1688 quo
614 1639 655 1675 te
686 1635 822 1675 exitus
852 1637 912 1674 rei
939 1650 1020 1675 non
1051 1637 1211 1676 lateret.

805 1714 1094 1755 sisinnius.

264 1783 422 1829 Restat,
454 1786 499 1822 ut
528 1796 698 1823 ascenso
730 1796 832 1835 equo
863 1797 1045 1836 pergam,
1074 1787 1126 1833 et,
1157 1785 1225 1837 qui
1263 1783 1429 1834 fuerint,
1459 1782 1531 1836 qni
1558 1795 1633 1823 nos

268 1856 350 1890 tam
380 1853 507 1891 libere
538 1853 770 1901 illuserunt,
802 1852 1045 1905 perquiram.

840 1920 884 1959 M
896 1921 907 1958 i
921 1921 930 1959 l
945 1921 1018 1959 ite
1031 1933 1062 1958 s.

267 1976 540 2030 Propcrcmus
570 1978 734 2030 pariter.

803 2124 1095 2164 sisinnius.

264 2193 391 2232 Hem!
433 2194 587 2244 ignoro,
627 2194 724 2245 quid
765 2206 895 2245 agam.
954 2192 1247 2232 Pessumdatus
1295 2205 1385 2232 sum
1422 2191 1632 2232 maleficiis

264 2262 597 2301 christicolarum.
643 2262 788 2315 En‚³3)
819 2263 995 2301 montem
1026 2261 1228 2300 circumeo
1259 2264 1311 2310 et,
1346 2261 1531 2300 semitam
1560 2260 1631 2300 ali-

264 2330 422 2380 quoties
454 2331 705 2382 repperiens,
731 2343 808 2370 nec
839 2343 1053 2370 ascensum
1071 2329 1429 2383 comprehendere,
1458 2341 1535 2369 nec
1564 2341 1628 2368 re·
1669 2337 1671 2340 ⁴

268 2398 395 2437 ditum
426 2412 528 2450 queo
561 2403 761 2451 repetere.

848 2455 1066 2494 Milites.

264 2522 379 2561 Miris
410 2523 538 2562 modis
570 2536 708 2562 omnes
738 2523 944 2564 illudimur
981 2524 1184 2576 nimiaque
1215 2522 1456 2563 lassitudine
1486 2521 1632 2575 fatiga.-

248 2635 268 2651 .
299 2658 346 2685 37⁴·
367 2666 384 2693 p
396 2666 432 2684 cr
445 2658 459 2683 d
471 2667 486 2683 u
498 2667 511 2684 c
524 2667 537 2684 e
550 2667 562 2683 r
575 2667 589 2684 e
600 2666 615 2683 n
627 2661 644 2692 t,
661 2659 701 2691 (ζ,
716 2657 745 2686 S.
761 2667 788 2684 u.
801 2657 858 2693 Mg.
871 2659 919 2694 35⁴¹!
941 2658 979 2685 M.
993 2658 1041 2684 liat
1054 2657 1074 2683 E
1085 2665 1110 2692 n,
1125 2657 1204 2684 nicht
1226 2657 1273 2694 ln,
1292 2657 1384 2694 s.Mg.
1401 2665 1428 2691 p.
1443 2657 1497 2685 152.
1509 2655 1631 2686 Annia.
