1702 2939
599 213 913 256 -169—

625 330 879 371 Julianus.

65 401 131 442 Ad
162 401 262 441 hacc
292 414 355 439 me
384 414 465 439 non
498 400 653 452 cogitis.

607 470 893 509 Johannes

63 539 162 579 Ideo
192 539 270 578 illis
302 552 346 578 es
376 538 592 577 dissimilis.

647 608 678 647 P
690 620 713 646 a
726 621 751 646 u
763 609 775 646 1
786 622 812 646 u
827 621 858 647 s.

65 678 169 718 Nam
200 677 293 730 quia
310 677 363 729 ⁶⁷)
395 678 665 716 adolabantur
682 676 877 724 Creatori,
899 676 1144 727 Augustalis
1161 676 1318 728 apicem
1349 675 1436 726 dig-

64 746 201 785 nitatis
234 747 432 784 ornabant
463 749 504 785 et
532 747 820 785 beatificabant
844 746 1073 796 insignibus
1100 758 1198 784 suae
1224 744 1437 796 probitatis

65 818 106 856 ct
136 815 363 855 sanctitatis
380 815 669 868 prosperisque
687 815 737 853 ad
755 818 850 853 vota
873 815 1199 853 successionibus
1216 814 1436 867 pollebant.

621 881 886 923 Julianu‘s.

65 940 186 981 Certe
218 954 306 993 ego.
847 933 854 938 ”

608 999 887 1038 Johannes

63 1068 155 1110 Non
185 1068 305 1108 simili
333 1068 464 1116 modo,
497 1068 590 1120 quia
623 1082 691 1107 eos
724 1068 860 1107 divina
892 1068 1159 1107 comitabatur
1190 1067 1334 1118 gratia.

621 1137 646 1175 J
657 1151 682 1175 u
694 1137 705 1175 1
719 1137 730 1175 i
742 1149 763 1175 a
776 1151 801 1175 n
813 1151 839 1175 u
853 1150 881 1175 s.

63 1206 240 1246 Frivola.
299 1206 389 1257 Ego
412 1206 615 1257 quondam
638 1206 788 1245 stultus
809 1205 908 1245 talia
935 1205 1103 1244 exercui
1130 1206 1171 1244 et
1201 1204 1437 1244 clericatum

63 1277 104 1316 in
138 1275 312 1314 ecclesia
343 1275 508 1314 obtinui.

600 1341 887 1383 Johannes

64 1413 261 1453 Placetne
293 1412 375 1461 tibi,
409 1426 429 1452 o
459 1413 599 1461 Paule,
633 1413 839 1452 clericus?

640 1482 850 1521 Paulus.

60 1539 219 1579 Diaboli
252 1539 498 1592 capellanus.

622 1596 647 1635 J
658 1597 765 1635 ulia
775 1610 801 1634 n
811 1610 837 1634 u
849 1610 878 1634 s.

58 1665 125 1714 At,
171 1665 241 1704 ubi
285 1665 385 1703 nihil
429 1664 618 1703 utilitatis
663 1665 799 1703 inesse
832 1665 1104 1717 deprehendi,
1150 1664 1202 1703 ad
1234 1665 1435 1703 culturam

60 1735 227 1774 deorum
270 1747 334 1772 me
379 1733 600 1786 inflexnffi)
649 1747 821 1785 quorum
865 1734 995 1786 pietas
1041 1747 1104 1771 nie
1144 1733 1337 1785 provexit
1380 1733 1432 1772 ad

59 1803 269 1855 fastigium
300 1803 430 1853 regni.

613 1860 637 1899 J
647 1861 895 1899 ohannes.

57 1929 269 1984 Abrupisti
308 1930 436 1969 nostri
468 1930 712 1977 orationem,
751 1943 804 1968 ne
835 1929 998 1977 audires
1026 1929 1229 1981 justorum
1259 1929 1433 1967 laudem.

607 1999 632 2038 J
644 2013 670 2038 u
686 1999 758 2038 lia
770 2012 795 2037 n
809 2013 836 2038 u
849 2012 878 2038 s.

58 2066 165 2113 Quid
195 2068 247 2106 ad
277 2070 374 2107 me?

633 2124 842 2164 Paulus,

55 2193 176 2241 Nihil,
205 2194 277 2231 scd
305 2194 635 2245 subjungendum
663 2197 736 2241 est,
762 2193 867 2244 quod
896 2192 946 2230 ad
969 2195 1019 2230 te.
1079 2192 1299 2243 Postquam
1323 2192 1430 2231 enim

58 2263 232 2300 mundus
259 2262 315 2300 eis
343 2276 422 2300 non
451 2267 538 2301 crat
566 2263 714 2313 dignus
741 2261 959 2308 habendis,
992 2261 1171 2313 suscepti
1203 2264 1296 2300 sunt
1326 2261 1431 2299 inter

56 2331 235 2381 angelos,
270 2331 421 2383 tibique
452 2331 600 2370 infelix
630 2331 862 2382 respublica
897 2331 1204 2381 relinquebatur
1234 2330 1428 2381 regenda.

613 2400 871 2439 Julianus.

55 2464 136 2506 Cur
165 2467 312 2508 infelix
338 2469 460 2521 juxta
491 2469 530 2508 id
562 2469 786 2522 temporis?

88 2600 136 2633 Οἵ)
159 2601 227 2633 quia
247 2600 520 2635 adolebantur,
544 2603 586 2635 C·=
605 2602 634 2630 S.
653 2611 681 2630 ιι.
695 2603 753 2636 Mg.
775 2601 1022 2633 adelart-adulari,
1048 2588 1313 2635 17003'21'1'4‘71'3
1336 2601 1426 2635 ven-gl.

123 2645 313 2672 Dicfeubach.
331 2647 512 2680 glossarium
528 2648 618 2674 latino
633 2649 831 2682 germanicum
845 2652 898 2676 etc.
923 2648 963 2674 ad
975 2648 1031 2674 olo
1043 2647 1271 2674 ran-izadulari.
1307 2649 1357 2679 (38)
1378 2648 1426 2673 (Ιο-

122 2690 233 2726 flcxi,
259 2692 288 2720 C.
310 2700 336 2718 u.
358 2692 386 2720 S.
