1702 2939
589 234 906 279 —291—

595 354 906 395 Antiochus.

63 422 277 462 Ebulliens
295 421 349 475 4⁷)
381 422 540 471 fervor,
573 425 780 464 confracto
810 437 923 473 vase,
964 423 1171 464 ministros
1203 423 1436 474 combussit,

66 496 108 531 et
139 492 210 530 illa
239 491 425 530 malefica
455 491 597 531 illaesa
629 493 864 546 comparuit.

599 561 640 600 H
651 575 674 601 a
686 563 710 601 d
722 576 742 601 r
754 562 766 601 i
777 574 801 601 a
811 576 838 601 n
850 576 875 601 u
884 575 914 602 s

65 616 229 668 Fateor,
260 618 359 658 victi
391 632 540 659 sumus

599 676 638 716 A
649 691 675 716 n
688 679 704 717 t
715 677 728 716 i
740 691 761 718 o
772 690 794 717 c
805 677 831 716 h
844 691 871 717 u
884 690 914 716 s.

65 732 248 773 Penitus

596 791 638 831 H
651 805 673 831 a
685 792 709 831 d
721 792 763 831 ri
775 804 797 831 a
806 805 832 830 n
843 806 869 831 u
880 805 910 831 s

69 846 203 901 Caput
231 849 476 890 abscidatur.
492 848 547 902 ⁴8)

599 917 918 958 Antiochus.

69 985 185 1025 Alias
215 999 297 1026 non
329 987 576 1027 absumetur.

688 1044 827 1097 Spes

77 1111 112 1151 O
147 1110 305 1152 Caritas
348 1114 514 1161 dilecta,
557 1127 578 1153 0
620 1127 734 1153 soror
773 1114 914 1153 unica!
959 1127 1011 1152 ne
1049 1113 1242 1153 formides
1281 1113 1447 1167 tyranni

72 1181 228 1229 minas,
280 1196 331 1221 ne
377 1183 559 1235 trepides
600 1183 651 1220 ad
699 1195 878 1234 poenas,
934 1183 1066 1222 nitere
1118 1183 1322 1222 constanti
1365 1183 1445 1222 fide

73 1250 220 1290 imitari
251 1263 424 1300 sorores,
457 1252 509 1290 ad
540 1252 642 1291 coeli
672 1251 868 1303 palatium
898 1252 1211 1304 praecedentes.

648 1319 875 1359 Caritas.

75 1388 233 1428 Taedet
263 1403 326 1428 me
358 1390 469 1429 vitae
499 1390 748 1442 praesentis,
780 1390 921 1429 taedet
950 1392 1142 1429 terrenae
1173 1389 1446 1439 habitationis,

75 1457 184 1509 quod
215 1458 349 1497 saltim
380 1459 431 1497 ad
462 1459 663 1498 modicum
694 1459 888 1511 temporis
919 1471 1088 1512 separor
1119 1471 1143 1498 a
1172 1459 1300 1498 vobis

697 1526 840 1580 Spes

75 1594 245 1646 Depone
269 1595 450 1634 taedium
491 1597 531 1634 et
572 1596 696 1635 tende
737 1596 789 1634 ad
828 1597 1075 1649 praemium3
1121 1610 1202 1636 non
1243 1597 1350 1635 enim
1380 1597 1450 1636 diu

75 1664 368 1716 separabimur,
401 1664 473 1703 sed
505 1664 617 1703 ocius
648 1665 688 1703 in
721 1665 833 1704 coelo
867 1667 1173 1718 conjungemur.

76 1789 182 1838 Fiat,
215 1789 306 1829 fiat!
651 1732 875 1772 Lamias·

695 1847 840 1901 Spes

77 1913 208 1966 Euge,
233 1917 365 1954 mater
390 1916 574 1964 illustris,
597 1917 743 1968 gaude,
765 1930 842 1956 nec
868 1917 1051 1969 tangaris
1073 1917 1124 1956 de
1153 1917 1234 1956 mei
1263 1917 1453 1970 passione

83 1985 260 2023 materni
293 1984 462 2023 affectus
495 1985 647 2032 dolore,
679 1986 752 2024 sed
783 1986 948 2039 praefer
979 2000 1094 2040 spem
1122 1987 1318 2036 moerori,
1364 1999 1454 2026 cum

79 2066 144 2091 me
175 2053 317 2092 videas
348 2066 422 2105 pro
454 2052 614 2093 Christo
650 2055 762 2093 mori.

618 2122 918 2175 Sapientia.

80 2189 202 2229 Nunc
234 2190 396 2242 quidem
424 2191 596 2242 gaudeo,
630 2192 703 2230 sed
734 2194 831 2231 tune
862 2192 1028 2231 tandem
1058 2193 1242 2245 perfecte
1261 2193 1454 2232 exultans

82 2259 289 2309 gaudebo,
331 2260 491 2311 quando
533 2261 590 2298 tui
621 2261 871 2299 sororculam
908 2261 997 2312 pari
1028 2262 1257 2300 conditione
1288 2262 1448 2301 extinc-

83 2330 166 2366 tam
197 2328 308 2367 coelo
340 2328 590 2380 praemisero
624 2334 665 2368 ct
695 2341 772 2380 ego
804 2330 1030 2381 subsequar
1060 2332 1278 2383 postrema.

701 2397 843 2450 Spes

83 2464 285 2504 Perennis
317 2465 496 2505 Trinitas
527 2467 720 2505 restituet
751 2467 823 2505 tibi
854 2467 895 2506 in
927 2480 1076 2507 aevum
1106 2468 1274 2521 plenum
1304 2469 1458 2521 absque

85 2533 349 2573 diminutione
381 2535 557 2573 filiarum
586 2548 810 2574 numerum.

121 2665 391 2702 47JEbu1iens,
415 2667 446 2696 C.
471 2676 499 2694 u.
520 2667 550 2696 S.
588 2667 637 2703 43)
659 2668 926 2704 abscindatur,
950 2669 982 2698 C.
1004 2677 1033 2696 u.
1057 2668 1103 2702 S.;
1132 2669 1224 2705 vergl.
1248 2670 1323 2696 oben
1344 2670 1374 2697 S.
1395 2671 1457 2706 286,

192 2711 274 2739 Zeile
294 2713 311 2740 3
333 2721 360 2740 v.
381 2714 428 2739 ob.
1089 2750 1141 2792 19
1164 2751 1188 2777 ῆς
