1702 2939
599 231 915 279 -2‘25-

651 354 875 394 Amicus.

78 421 178 462 Ideo
208 434 362 460 moram
401 422 502 469 feci,
549 423 642 474 quia
681 426 721 461 te
763 423 953 473 ambigua
982 436 1027 461 re
1060 423 1268 463 sollicitari
1285 423 1337 476 ³²)
1368 436 1449 464 non

80 490 356 544 praesumpsi3
402 493 443 529 at
482 491 549 529 ubi
597 492 814 530 veritatem
843 491 1113 543 investigavi,
1154 493 1331 532 reditum
1367 506 1449 533 ma-

80 559 226 598 turavi.

627 617 665 657 A
675 619 699 656 b
713 631 733 656 r
745 630 768 656 a
780 618 806 656 h
818 630 841 656 a
853 631 903 657 m.

81 672 270 713 Vidistin’
301 673 477 713 Mariam
491 676 510 713 Ῥ

649 731 688 771 A
699 732 761 771 mi
773 746 794 771 e
805 746 831 771 u
845 746 875 771 s.

80 787 186 827 Vidi.

628 846 666 886 A
676 848 701 886 b
714 860 734 885 1·
743 859 766 886 a
778 847 804 885 h
816 859 839 885 a
850 860 900 886 m.

78 901 188 943 Ubi?

651 961 689 1001 Α
700 962 763 1000 mi
776 975 795 1000 e
808 976 834 1000 u
846 975 875 1000 s.

80 1028 173 1074 Qua
190 1028 242 1082 ³³)
275 1029 388 1069 dictu
418 1030 649 1069 miserabile
664 1033 671 1069 ἱ

626 1111 665 1150 A
675 1112 699 1149 b
709 1124 729 1149 1·
742 1123 765 1149 a
776 1111 802 1149 h
816 1123 839 1149 a
850 1125 900 1150 m.

77 1165 164 1215 Dio,
197 1167 382 1207 obsecro.

653 1225 691 1264 A
702 1239 740 1263 m
753 1225 765 1264 i
778 1239 797 1264 e
810 1240 837 1264 u
848 1239 877 1264 s.

77 1293 127 1332 In
160 1293 276 1332 domo
300 1293 512 1346 cujusdam
534 1293 691 1332 lenonis
722 1295 1012 1334 habitationem
1043 1295 1180 1347 elegit,
1203 1296 1270 1348 qui
1301 1297 1452 1337 tenello

78 1374 215 1401 amore
246 1362 356 1400 illam
404 1363 508 1401 colit.
569 1363 656 1401 Nee
688 1364 862 1413 frustra3
903 1376 997 1402 nam
1028 1365 1134 1403 omni
1165 1365 1229 1403 die
1260 1379 1342 1405 non
1371 1380 1453 1406 mo-

79 1431 168 1469 dica
199 1431 258 1469 illi
286 1431 463 1483 pecunia
495 1433 543 1470 ab
576 1435 665 1484 ejus
698 1433 945 1472 amatoribus
978 1434 1204 1473 adducitur.

626 1513 663 1552 A
673 1514 697 1551 b
710 1526 729 1551 r
742 1525 765 1552 a
778 1514 804 1552 h
817 1526 840 1552 a
852 1527 902 1552 m.

77 1581 116 1620 A
146 1580 305 1620 Mariae
336 1581 586 1620 amatorihus
599 1583 618 1620 ἶ)

653 1662 690 1701 A
701 1675 741 1700 m
752 1662 764 1700 i
777 1675 798 1701 e
810 1676 836 1701 u
848 1676 878 1701 s.

77 1718 142 1758 Ab
172 1719 282 1772 ipsis.

628 1776 666 1816 A
676 1777 700 1816 b
715 1790 735 1815 r
747 1789 770 1816 a
781 1777 807 1816 h
820 1789 843 1815 a
855 1790 904 1816 m.

71 1844 162 1890 Qui
193 1846 289 1884 sunt
319 1845 408 1898 ejus
440 1847 644 1885 amatores
657 1846 676 1884 P

653 1926 692 1966 A
702 1927 765 1965 mi
778 1940 799 1965 e
812 1940 838 1966 u
849 1940 878 1966 S.

78 1979 314 2036 Perplures.

627 2041 666 2081 A
678 2041 702 2080 b
715 2055 735 2080 r
747 2054 770 2080 a
782 2042 806 2080 h
821 2054 843 2080 a
854 2055 904 2080 m.

78 2107 129 2148 Ei
163 2109 270 2156 mihi,
304 2122 325 2149 o
356 2110 460 2148 bone
493 2109 614 2149 Jesu!
647 2109 757 2155 Quid
786 2111 862 2149 hoe
892 2109 1064 2150 monstri
1095 2112 1168 2160 est,
1199 2111 1307 2163 quod
1337 2112 1454 2162 hanc,

84 2190 207 2229 quam
238 2175 310 2217 tibi
342 2191 531 2231 sponsam
561 2178 726 2226 nutrivi,
759 2179 913 2218 alienos
945 2182 1148 2219 amatores
1179 2181 1298 2220 audio
1329 2183 1456 2234 sequi.

658 2258 885 2297 Amicus.

80 2326 175 2367 Hoc
205 2328 490 2367 meretricibus
532 2328 756 2380 antiquitus
788 2328 864 2367 fuit
893 2327 935 2367 in
965 2341 1099 2377 more,
1139 2332 1184 2369 ut
1223 2329 1356 2370 alieno
1387 2331 1455 2370 de-

80 2396 332 2437 lectarentur
361 2398 402 2436 in
419 2397 472 2450 ³⁴)
504 2410 652 2436 amore.

628 2475 901 2517 Abraham.

81 2545 196 2585 Affer
243 2547 341 2586 mihi
383 2547 621 2600 sonipedem
661 2547 881 2585 delicatum
927 2548 968 2585 et
1009 2547 1225 2588 militarem
1265 2549 1457 2597 habitum,

117 2702 167 2739 32)
187 2703 432 2739 sollicitare,
455 2703 485 2732 C.
506 2713 534 2730 u.
555 2705 585 2734 S.
619 2704 668 2741 33)
690 2704 824 2738 Quam,
844 2700 904 2739 Mg.
941 2704 990 2740 34)
1015 2703 1201 2739 iu‚seh1tin
1222 2704 1253 2730 C.
1272 2711 1301 2731 u.
1320 2704 1351 2734 S,

1132 2740 1185 2781 15
