1702 2939
786 211 1100 254 —162—

743 327 1144 369 Constantinus.

262 396 459 440 Coelestis
489 398 641 439 militia.

781 466 814 508 G
830 468 875 507 al
890 468 899 506 l
914 468 923 506 i
936 481 956 506 c
969 480 992 507 a
1004 481 1027 506 n
1042 480 1066 507 u
1077 481 1107 506 s.

260 539 299 578 N
302 552 351 578 on
383 538 553 590 ambigo.
613 537 669 577 At
698 537 777 585 ubi,
809 550 984 588 sequens
1015 536 1330 589 praecedentem
1340 566 1350 585 ,
1382 549 1552 578 securus
1568 536 1626 589 ⁴³)

261 608 367 646 inter
412 607 566 646 medias
612 606 785 646 hostium
830 605 1071 656 ingrederer
1117 605 1237 654 acics,
1283 606 1453 657 perveni
1480 606 1532 645 ad
1561 620 1625 645 re-

263 690 356 727 gem
387 689 538 723 eorum,
569 675 730 715 nomine
761 674 951 713 Brandan
967 705 974 721 ,
1008 674 1074 725 qui
1105 687 1200 712 mox
1210 705 1219 721 ,
1251 673 1478 713 incredibili
1515 676 1626 714 metu

263 750 475 798 correptus
505 745 757 797 pedibusque
797 743 896 781 meis
928 742 1186 794 provolutus,
1218 755 1262 781 se
1298 755 1388 781 eum
1418 743 1503 782 suis
1533 743 1625 781 sub-

263 815 375 862 didit,
415 814 626 866 professus
636 843 645 860 ,
687 825 852 851 censum
891 811 1062 864 principi
1102 811 1257 851 romani
1287 811 1395 851 orbis
1425 811 1627 850 finetenus

262 883 514 923 solvendum.

754 947 1145 988 Constantinus.

264 1017 413 1059 Grates
443 1017 724 1072 prosperitatis
748 1017 929 1066 Auctori‚
960 1018 1028 1069 qui
1057 1018 1097 1056 in
1128 1030 1173 1056 se
1203 1019 1417 1070 sperantes
1446 1029 1527 1057 non
1556 1027 1626 1070 pa-

262 1089 361 1128 titur
391 1087 594 1128 confundi.

789 1152 826 1194 G
840 1154 909 1193 all
922 1154 933 1193 i
946 1168 967 1194 c
979 1166 1003 1194 a
1013 1168 1038 1193 n
1051 1168 1078 1194 u
1089 1168 1119 1194 s.

263 1225 556 1279 Experimento
587 1223 717 1263 didici.

746 1289 1143 1331 Constantinus.

263 1363 427 1403 Vellem
467 1361 656 1416 experiri,
701 1360 800 1413 quid
838 1359 984 1399 deinde
1024 1359 1188 1412 profugi
1217 1359 1436 1402 actitarent
1463 1359 1627 1401 tribuni.

775 1427 811 1468 G
823 1441 846 1467 a
859 1429 871 1467 l
884 1429 895 1468 l
910 1429 953 1468 ie
964 1440 988 1468 a
998 1442 1023 1467 n
1037 1442 1062 1467 u
1075 1442 1104 1468 s.

263 1501 528 1542 Maturabant
555 1498 818 1539 reconciliari.

747 1565 1145 1607 Constantinus.

264 1638 515 1692 Recepistin'
545 1637 674 1690 gratis
686 1637 706 1678 Ρ

783 1702 821 1744 G
833 1716 855 1743 a
866 1704 879 1743 1
892 1705 904 1743 l
917 1704 928 1743 i
940 1717 961 1743 e
971 1716 994 1743 a
1006 1717 1032 1742 n
1044 1717 1070 1743 u
1082 1717 1112 1742 s.

264 1775 355 1828 Ego
372 1775 462 1815 illos
471 1774 531 1827 ⁴⁴)
547 1774 688 1827 gratis,
706 1773 774 1826 qui
789 1786 853 1812 me
864 1772 1041 1825 periclis,
1053 1772 1121 1824 qui
1137 1785 1182 1811 se
1197 1771 1366 1812 inimicis
1378 1772 1398 1812 ἶ)
1428 1769 1543 1812 Haut
1557 1771 1626 1811 ita.

747 1840 1149 1882 Constantinus.

265 1912 320 1952 Et
349 1912 446 1965 qui?
1081 1916 1083 1918 ’

783 1976 820 2018 G
833 1977 927 2017 alli
940 1990 961 2017 c
971 1990 994 2016 a
1005 1991 1031 2017 n
1043 1991 1069 2017 u
1082 1991 1112 2017 s.

265 2048 465 2102 Proposui
493 2046 787 2102 promerendae
817 2047 975 2098 gratiae
1005 2047 1191 2099 pretium.

752 2114 1150 2156 Constantinus.

267 2185 427 2231 Quale?

788 2250 822 2292 G
837 2252 963 2292 allio
973 2264 996 2291 a
1006 2265 1032 2291 n
1044 2265 1071 2292 u
1082 2265 1112 2291 s.

267 2333 473 2372 Videlicet
511 2335 664 2372 sectam
695 2331 1029 2380 christicolarum,
1071 2344 1190 2384 quam
1220 2332 1288 2384 qui
1318 2331 1503 2383 elegerit,
1533 2342 1626 2384 gra-

265 2402 364 2441 tiam
395 2401 623 2453 suseiperet
651 2400 828 2453 priorem
858 2401 1132 2452 honoremque
1162 2401 1408 2453 ampliorem,
1429 2400 1499 2453 qui
1525 2412 1627 2440 vero

266 2470 482 2523 spreverit,
498 2469 557 2520 ⁴⁵)
587 2469 720 2521 gratia
750 2469 867 2508 simul
896 2469 1131 2522 privaretur
1160 2471 1203 2509 et
1229 2468 1381 2508 militia.

301 2639 350 2674 ⁴3)
370 2642 526 2665 secutus
547 2637 629 2671 inter,
651 2635 681 2666 S.
719 2636 768 2671 Μ)
790 2636 892 2670 illas,
916 2636 976 2672 M.;
998 2636 1030 2665 Ρ.
1050 2634 1153 2663 'a'ndert
1173 2635 1201 2662 in
1220 2635 1292 2672 hosg
1313 2635 1530 2671 perieulis,
1551 2634 1627 2664 (Συ.

372 2684 422 2722 S.;
444 2685 484 2713 Μ.
505 2683 1159 2722 hqtvonalterflandcorrigirtpericlis.
1186 2682 1484 2718 45)upreverlnt,
1502 2681 1624 2713 mum.
