1702 2939
254 595 350 635 440.

256 934 350 974 445.

256 1271 351 1311 450.

291 1609 336 1617 --r

258 1609 352 1649 400.

775 207 1091 250 —132—

369 323 449 364 Sed
481 325 555 363 sub
586 324 795 363 nocturnis
825 328 965 363 servat
995 324 1230 375 vigilantius
1262 326 1383 367 horis⁴

368 393 434 438 At,
466 392 561 430 dum
591 392 814 444 pervigiles
845 396 1040 431 consueto
1071 406 1181 432 more
1213 398 1406 446 parentes

369 459 578 499 Excubias
609 460 712 512 proli
743 461 1005 499 celebrabant
1035 465 1169 500 niente
1201 462 1322 510 fideli,

370 528 549 566 coelitus
582 528 646 566 his
677 528 774 580 ipsis
805 534 1054 567 monstratur
1086 529 1186 567 visio
1219 530 1331 569 talis:

372 596 557 647 Denique
589 596 798 646 virgineas
829 596 960 634 subito
993 596 1244 635 descendere
1275 602 1428 638 turmas

370 664 585 711 Viderunt,
618 664 754 716 lapsas
785 664 908 702 celeri
939 663 989 702 de
1022 665 1186 703 cardine
1219 666 1332 713 coeli,

371 731 548 770 Ornatas
580 731 761 783 pulchre,
792 732 912 783 pleno
945 737 1206 783 comptasque
1239 733 1398 780 decore,

369 799 484 838 Inter
515 812 616 850 quas
647 799 820 849 Agnem,
853 799 970 837 simili
1001 800 1220 851 splendore
1250 801 1458 848 nitentem,

374 866 639 919 Conspexere
671 880 797 912 suam,
829 881 902 918 pro
933 867 1094 906 Christo
1126 869 1440 920 martyrizatam.

374 935 409 973 A
441 936 598 973 dextris
630 935 746 986 cnjus
777 935 871 972 nive
903 935 1110 973 candidior
1141 937 1256 975 stetit
1285 949 1428 987 agnus,

371 1003 484 1048 Quos
515 1004 658 1042 merito
689 1003 781 1041 fidei
811 1003 930 1041 scivit
961 1003 1106 1053 dignos
1137 1005 1340 1053 venerari,

371 1071 527 1108 Blande
560 1071 769 1121 colloquiis
800 1070 889 1108 illos
919 1070 1065 1109 affatur
1095 1071 1244 1120 amicis,

369 1138 540 1176 Dicens:
573 1138 777 1188 „gaudete
808 1151 965 1176 mecum
995 1138 1241 1188 gratulando
1271 1152 1347 1191 per
1375 1150 1534 1188 aevum,

373 1205 497 1253 „Sum
528 1206 621 1256 quia
651 1205 815 1244 luciflua
845 1206 956 1256 regis
985 1206 1174 1244 coelestis
1204 1206 1244 1244 in
1275 1207 1370 1245 aula

372 1273 638 1324 „Virginibus
669 1273 796 1311 sacris
827 1273 980 1311 sociata
1011 1273 1249 1325 perenniter
1278 1274 1379 1313 istis.

372 1340 451 1388 „Et
481 1354 589 1379 nunc
620 1341 659 1378 in
692 1341 814 1380 coelis
846 1341 903 1378 illi
935 1342 1160 1392 conjungor
1191 1341 1338 1380 amoris

371 1409 603 1460 „Amplexu
635 1408 755 1455 dulci,
787 1421 905 1459 quem
936 1421 1097 1459 semper
1128 1411 1262 1447 mente
1293 1409 1404 1447 fideli

370 1476 443 1523 „In
473 1477 595 1514 terris
627 1476 744 1523 colui,
777 1476 944 1527 cupiens
976 1476 1062 1513 sine
1094 1476 1174 1514 fine
1204 1477 1346 1515 tueri.“

370 1543 447 1582 His
477 1544 604 1595 igitur
635 1544 764 1591 dictis³
795 1544 927 1581 subito
959 1543 1146 1582 discessit
1177 1545 1226 1583 ab
1257 1545 1347 1583 illis.

376 1611 467 1657 Qui,
499 1612 666 1650 nimium
697 1611 793 1650 laeti
825 1615 936 1650 tanto
968 1611 1162 1650 solamine
1194 1612 1302 1659 facti,

372 1678 590 1718 Siecabant
619 1680 818 1726 lacrimas,
850 1691 973 1730 super
1005 1680 1094 1731 ejus
1124 1682 1253 1718 morte
1284 1679 1458 1726 refusas,

370 1745 425 1785 Et
458 1747 598 1785 laudes
628 1747 799 1785 Domino
828 1747 1060 1798 psallebant
1090 1760 1190 1786 voce
1221 1759 1380 1795 canora,

371 1814 452 1858 Qui
482 1818 575 1866 post
603 1815 705 1853 dura
735 1814 818 1852 suis
849 1814 990 1852 tribuit
1021 1815 1242 1854 certamina
1271 1815 1423 1854 sanctis

372 1880 563 1920 Testibus
594 1885 788 1920 aeternae
819 1883 1042 1921 clementer
1071 1883 1251 1934 praemia
1280 1882 1401 1922 vitae.

866 1949 1009 1988 Amen.

290 2103 351 2129 ⁴36.

374 2103 606 2137 vigilantium
620 2112 649 2137 ι,
672 2102 701 2129 S.
748 2101 806 2130 4³5.
828 2103 1056 2138 Addextris,
1079 2103 1116 2131 Μ.
1163 2103 1223 2132 428.
1242 2105 1348 2132 Dicens
1367 2104 1618 2139 gaudeteque

380 2156 507 2183 mecum,
538 2151 586 2185 (λς
607 2158 707 2175 nunc
735 2150 859 2184 gaudete
883 2158 1007 2184 nuceum,
1036 2150 1067 2178 S.
1104 2150 1165 2178 44⁹.
1187 2151 1384 2185 lucifluo,
1414 2150 1463 2184 Μ.,
1483 2150 1516 2178 P.
1538 2159 1567 2178 n.
1586 2150 1617 2178 C.
