1702 2939
784 201 1097 245 —298-

247 319 311 358 nis
358 318 660 371 relinquerent,
701 319 768 357 vel
809 319 1032 358 carnalium
1078 317 1266 358 affectum
1306 318 1622 373 propinquorum

246 389 562 440 postponerent,
605 389 802 425 centenae
841 387 1121 426 vicissitudine
1151 388 1352 427 mercedis
1382 400 1618 440 reeompen-

249 456 333 495 sari
365 459 406 495 et
436 458 630 495 aeternae
661 455 847 494 bravium
862 455 914 508 ⁶⁵)
953 455 1062 495 vitae
1105 455 1253 495 debere
1295 455 1458 495 donari:
1498 456 1619 509 hujus

247 537 321 577 spe
349 524 526 563 animata
548 524 745 576 promissi,
770 523 859 570 feei,
883 524 987 575 quod
1005 523 1174 575 jussisti,
1201 526 1345 576 sponte
1367 524 1555 564 omittens
1566 524 1619 577 ⁶⁶)

245 593 418 641 soboles,
457 605 558 644 quas
598 591 749 644 peperi.
808 591 927 633 Unde
969 596 1012 631 tu
1043 592 1106 644 pie
1137 592 1336 644 promissa
1365 593 1527 632 solvere
1558 606 1609 632 ne

246 661 439 709 moreris,
485 660 557 700 sed
598 661 683 707 sae,
724 673 787 698 me
827 661 1088 712 quantocius,
1142 660 1367 700 absolutam
1413 661 1618 714 corporeis

247 729 436 776 vinculis,
478 742 532 768 ex
572 728 806 781 receptione
846 728 1020 767 filiarum
1059 728 1291 775 laetificari,
1332 740 1432 781 quas
1471 731 1617 782 prote

249 797 487 837 mactandas
519 797 714 837 obtulisse
745 810 825 836 non
857 797 1006 844 distuli,
1048 809 1138 848 quo,
1170 799 1210 835 te
1242 796 1320 835 illis
1351 809 1504 849 agnum
1523 796 1618 836 Vir-

247 866 354 917 ginis
385 866 650 918 sequentibus
692 869 734 905 et
771 879 921 904 novum
962 865 1162 904 canticum
1193 865 1506 914 modulantibus,
1539 878 1617 917 ego

243 935 444 986 jocunder
476 934 676 973 audiendo
709 935 948 985 illarumque
978 933 1174 972 laetificer
1213 933 1355 985 gloria,
1395 935 1447 982 et,
1479 946 1617 986 quam-

247 1003 310 1041 vis
354 1016 432 1041 non
475 1003 626 1055 possim
673 1003 874 1041 eantienm
914 1001 1162 1053 virginitatis
1207 1001 1356 1049 dicere,
1400 1003 1441 1041 te
1481 1004 1619 1041 tamen

190 1098 196 1107 .
248 1083 338 1109 eum
373 1070 451 1108 illis
482 1082 642 1108 merear
673 1070 938 1109 aeternaliter
968 1070 1148 1118 laudare,
1188 1070 1256 1122 qui
1294 1082 1373 1109 non
1403 1070 1509 1123 ipse,
1551 1071 1621 1123 quj

249 1137 394 1184 Pater,
436 1138 509 1176 sed
548 1138 653 1176 idem
697 1152 752 1186 es,
790 1138 897 1189 quod
936 1138 1082 1185 Pat‹·r‚
1128 1151 1219 1177 eum
1258 1151 1336 1190 quo
1382 1140 1424 1178 et
1464 1137 1617 1192 Spiritu

252 1212 393 1245 saneto
424 1219 529 1245 unus
570 1206 755 1245 dominus
786 1207 1066 1246 universitatis
1107 1220 1292 1259 unusque
1332 1219 1411 1246 rex
1441 1219 1622 1247 summae

251 1278 292 1313 et
321 1275 478 1313 mediae
510 1277 633 1326 atque
674 1275 776 1313 imae
817 1275 984 1314 rationis
1029 1288 1181 1327 regnas
1222 1277 1263 1314 et
1300 1275 1517 1315 dominaris
1546 1289 1621 1328 per

249 1343 566 1383 interminabilia
595 1343 820 1383 inmortalis
851 1343 944 1382 aevi
975 1344 1152 1382 saecula.

785 1410 1074 1452 Matronae.

254 1478 436 1533 Suseipe,
467 1479 649 1520 Domine.
708 1479 853 1519 Amen.

286 1637 338 1671 65)
361 1637 514 1672 bravio,
537 1637 581 1671 C.‚
603 1636 633 1664 S.
652 1644 683 1664 u.
704 1637 763 1672 Mg.
803 1637 853 1672 66)
873 1638 1068 1672 amlttenn,
1089 1637 1123 1665 C.
1142 1645 1173 1666 u.
1195 1636 1225 1663 S.
