1702 2939
795 213 1109 257 —268—

786 329 1131 382 Paphnutius.

273 394 504 436 Gratuitum
543 397 619 436 Dei
664 397 812 437 donum
853 412 932 437 non
982 402 1128 451 pensat
1175 399 1394 439 humanum
1437 399 1638 449 meritum,

277 465 382 517 quia,
414 465 447 504 si
478 466 632 505 meritis
663 466 924 515 tribueretur,
955 467 1090 519 gratia
1119 481 1199 506 non
1227 468 1446 508 diceretur.

868 535 1039 574 Thais.

273 601 392 643 Unde
423 602 564 644 laudet
591 603 704 643 illum
736 603 838 643 coeli
869 608 1089 644 concentus
1131 603 1341 656 omnisque
1386 606 1523 644 terrae
1552 617 1640 644 sur-

275 670 402 717 culus,
434 684 592 710 necnon
623 672 842 710 universae
874 672 1059 711 animalis
1097 673 1255 725 speeies
1293 675 1416 725 atque
1447 673 1641 713 confusae

275 749 470 789 aquarum
502 741 700 791 gurgites,
728 741 822 792 quia
853 753 931 779 non
963 741 1092 780 solum
1122 744 1342 793 peccantes
1372 741 1537 794 patitur,
1568 740 1643 780 sed.

275 807 396 846 ctiam
427 808 728 860 poenitentibus
758 809 938 861 praemia
968 809 1097 860 gratis
1129 810 1300 861 largitur
1316 809 1370 863 ⁹⁰)

792 877 1137 929 Paphnutius.

278 943 368 982 Hoe
399 944 458 982 illi
489 945 713 996 antiquitus
745 945 819 985 suit
849 945 887 984 in
920 959 1043 994 more,
1066 948 1111 986 ut
1141 946 1281 986 mallet
1309 945 1504 995 misereri,
1525 957 1645 998 quam

279 1013 413 1051 scrire.

882 1128 1051 1168 Thais.

277 1193 435 1246 Nolim)
467 1195 596 1242 abire,
628 1200 745 1248 pater
776 1197 1034 1245 venerabilis,
1075 1197 1148 1236 sed
1179 1197 1320 1237 adesto
1350 1196 1449 1237 mihi
1478 1209 1551 1250 pro
1582 1209 1645 1236 so-

278 1262 374 1302 latio
405 1263 447 1302 in
478 1263 576 1302 hora
607 1276 721 1303 meae
753 1264 1041 1305 dissolutionis.

789 1333 1132 1386 Paphnutius.

279 1398 370 1437 Non
417 1401 538 1448 abeo,
584 1414 663 1439 non
682 1401 734 1453 ω)
767 1401 942 1450 discedo,
984 1402 1124 1450 donee,
1165 1401 1297 1440 anima
1338 1414 1462 1455 super
1501 1401 1646 1441 aethra

278 1467 513 1520 plaudente,
545 1482 692 1521 eorpus
722 1469 881 1509 tradam
911 1471 1158 1523 sepulturae.

885 1538 916 1577 Τ
930 1538 955 1577 h
967 1539 1055 1577 ais.

279 1592 355 1641 En,
387 1593 535 1646 ine-ipio
566 1594 678 1633 mori.

791 1651 823 1691 P
837 1665 856 1690 a
869 1666 894 1705 p
906 1652 932 1691 h
944 1665 969 1691 n
982 1665 1007 1691 u
1021 1652 1094 1692 tiu
1107 1666 1137 1691 s.

282 1718 401 1758 Nune
433 1721 496 1758 est
526 1722 686 1772 tempus
718 1721 869 1759 orandi.

882 1788 1055 1828 Thais.

283 1855 362 1900 Qui
394 1856 602 1908 plasmasti
634 1870 713 1905 me,
753 1857 948 1896 miserere
989 1857 1066 1895 mei
1108 1859 1149 1896 et
1185 1858 1250 1896 fae
1288 1857 1397 1897 felici
1427 1857 1562 1896 reditu
1593 1856 1646 1913 ad

284 1928 323 1962 te
356 1925 510 1962 revorti
542 1925 727 1972 animam,
760 1937 878 1977 quam
909 1926 1128 1977 inspirasti.
1629 1919 1631 1921 V

799 1993 1143 2045 Paphnutius.

285 2060 385 2106 Qui,
427 2062 560 2099 faetus
591 2073 615 2099 a
644 2061 778 2108 nullo,
818 2074 918 2100 vere
950 2075 993 2100 es
1026 2062 1113 2100 sine
1143 2062 1314 2102 materia
1344 2062 1493 2111 forma,
1536 2062 1650 2115 cujus

285 2128 459 2180 simplex
491 2143 581 2168 esse
613 2129 824 2177 hominem,
858 2130 925 2181 qui
956 2143 1036 2169 non
1068 2133 1131 2170 est
1161 2131 1212 2178 id,
1245 2130 1352 2182 quod
1383 2134 1456 2178 est,
1489 2143 1543 2170 ex
1572 2130 1649 2170 hoc

289 2202 328 2234 et
360 2197 435 2235 hoe
465 2198 561 2237 feeit
592 2199 836 2247 consistere,
870 2200 921 2237 da
952 2199 1136 2238 diversas
1167 2202 1306 2252 partes
1336 2199 1457 2251 hujus
1487 2199 1648 2238 solven-

284 2264 362 2303 dae
378 2265 430 2317 ⁹³)
461 2266 632 2306 hominis
662 2281 857 2320 prospere
890 2269 1080 2320 repetere
1110 2266 1350 2320 principium
1381 2266 1444 2306 sui
1470 2266 1650 2320 originis,

285 2347 364 2385 quo
404 2339 445 2373 et
484 2336 616 2374 anima
663 2337 834 2375 coelitus
875 2336 1023 2383 indita,
1062 2335 1306 2374 coelestibus
1332 2331 1497 2386 'gaudiis
1526 2329 1651 2374 ihter-

286 2402 524 2451 misceatur,
567 2408 608 2442 et
650 2418 798 2457 eorpus
829 2405 869 2443 in
899 2404 1009 2443 molli
1040 2403 1194 2452 gremio
1235 2406 1392 2451 terrae,
1430 2415 1538 2443 suaev
1569 2415 1652 2442 ma·
1697 2407 1700 2409 ’

287 2471 434 2517 teriae,
466 2472 632 2524 pacifice
666 2475 880 2520 foveatur,
911 2472 1185 2524 quoadusque,
1203 2470 1256 2523 ⁹4)
1285 2471 1484 2524 pulverea
1512 2472 1652 2511 favilla

320 2627 369 2663 90„
389 2628 549 2663 lagituur,
573 2627 611 2654 M.
650 2630 699 2657 91⁴1
721 2628 830 2670 ‘5⁰¹⁰’
854 2628 893 2653 M.
913 2637 942 2656 u.
969 2628 1000 2655 P.
1037 2627 1087 2663 92)
1108 2627 1171 2653 sed
1192 2627 1320 2662 discedo,
1340 2627 1370 2654 C.
1393 2636 1422 2657 u.
1443 2627 1474 2655 S.
1509 2627 1560 2664 93]
1582 2626 1652 2655 ιοΙ-

392 2675 513 2709 νειιᾶί,
530 2675 573 2722 ¹C.
609 2683 636 2702 ιι.
663 2674 692 2700 S.
727 2673 776 2710 92)
799 2683 868 2709 quo
889 2674 1095 2709 quoadusque,
1127 2674 1166 2702 M.
1195 2683 1222 2700 ιι.
1242 2674 1274 2701 Ρ.
