1702 2939
615 221 932 266 —227—

634 342 910 381 Abraham.

83 413 234 465 Accipe
265 412 348 451 vile
378 424 538 459 munus,
581 411 687 462 quod
720 411 873 457 defero,
916 411 957 448 et
985 409 1063 457 fae,
1107 411 1152 448 ut
1181 408 1457 462 praepulchra

84 494 203 533 quam
233 486 367 520 tecum
399 479 611 519 obversari
629 479 680 531 ³⁰)
714 479 969 531 experiebar,
994 479 1132 531 puella
1161 482 1300 518 nostro
1333 478 1457 516 inter-

85 549 138 589 sit
169 549 366 588 convivio.

590 604 952 644 stabularius.

82 674 164 716 Cur
194 676 304 715 illam
335 675 545 714 desideras
577 675 752 713 videre?

637 742 907 781 Abraham.

82 801 190 847 Quia
221 802 387 840 nimium
418 802 600 839 delector
631 800 671 838 in
704 802 791 852 ejus
824 799 1044 849 agnitione,
1081 799 1197 850 cujus
1228 798 1454 850 pulchritu-

81 871 217 909 dinem
247 883 270 908 a
299 870 483 922 pluribus
514 869 672 908 laudari
704 868 919 906 audiebam
950 868 1200 920 saepissime.

590 937 950 976 Stabularius

80 996 278 1048 Quisquis
309 995 497 1034 laudator
532 997 619 1047 ejus
651 995 805 1033 formae
838 994 985 1041 extitit,
1026 994 1125 1031 nihil
1154 993 1326 1043 fefellit3
1362 1005 1457 1031 nam

77 1065 284 1117 praenitet
315 1068 489 1103 venusta
520 1065 638 1102 vultu
669 1076 768 1115 prae
801 1063 949 1101 ceteris
979 1063 1227 1101 mulieribus.

632 1132 668 1171 A
683 1133 704 1170 b
717 1145 738 1170 r
750 1144 773 1170 a
785 1132 810 1170 h
823 1144 845 1170 a
856 1145 905 1170 m.

78 1190 180 1230 Ideo
212 1191 336 1230 ardeo
368 1190 410 1228 in
441 1192 529 1243 ejus
561 1202 708 1228 amore.

590 1257 948 1297 stabularius.

76 1327 217 1375 Miror,
248 1331 289 1368 te
320 1328 360 1366 in
392 1328 601 1380 decrepita
633 1329 846 1366 senectute
873 1325 1121 1378 juvenculae
1142 1325 1323 1364 mulieris
1346 1337 1452 1365 amo-

76 1410 163 1435 rem
195 1397 362 1449 spirare.

625 1453 664 1492 A
675 1454 698 1491 b
712 1466 733 1491 r
746 1465 768 1491 a
780 1453 805 1491 h
818 1465 841 1491 a
853 1465 902 1490 m.

75 1522 273 1562 Percerte
309 1523 459 1562 nullius
491 1523 594 1561 alius
623 1522 686 1560 rei
708 1534 832 1560 causa
863 1521 1029 1570 accessi,
1046 1520 1124 1559 nisi
1153 1532 1244 1559 eam
1273 1519 1454 1562 videndi.

584 1659 939 1698 Stabularius

74 1716 269 1765 Procede,
292 1718 481 1770 procede,
495 1717 532 1742 ³⁹
544 1721 576 1770 a)
607 1717 752 1766 Maria,
779 1718 918 1769 tuique
939 1715 1287 1771 pulchritudinem
1310 1718 1450 1756 nostro

74 1787 279 1840 neophyto
301 1785 354 1839 4⁰)
387 1787 568 1826 ostende.

670 1842 716 1882 M
728 1856 750 1882 a
762 1845 850 1883 ria.

73 1899 194 1950 Ecce,
226 1902 358 1941 venio.

621 1957 660 1997 A
671 1959 696 1997 b
708 1971 728 1996 r
738 1970 760 1996 a
772 1958 798 1996 h
811 1970 833 1996 a
845 1972 895 1997 m.

76 2026 194 2072 Quae
236 2027 395 2075 fiducia,
437 2039 541 2078 quae
574 2029 802 2066 constantia
832 2027 979 2066 mentis
1009 2025 1107 2065 mihi
1137 2027 1230 2078 post
1259 2021 1372 2075 haee,
1393 2021 1449 2078 4¹)

75 2108 165 2134 cum
205 2096 330 2144 hane,
373 2108 494 2146 quam
538 2095 692 2134 nutrivi
731 2095 772 2134 in
811 2096 935 2134 eremi
976 2095 1178 2138 latibulis,
1217 2095 1448 2134 meretricio

73 2163 193 2203 vultu
224 2166 408 2204 ornatam
439 2165 674 2216 conspicio?
717 2163 799 2202 Sed
836 2177 917 2203 non
950 2166 1012 2202 est
1043 2166 1216 2215 tempuS,
1254 2165 1300 2202 ut
1329 2175 1447 2215 prae-

74 2231 275 2283 figuretur
315 2233 356 2271 in
394 2233 516 2281 facie,
559 2232 665 2284 quod
703 2234 868 2271 tenetur
906 2232 946 2270 in
979 2231 1111 2271 corde.
1171 2231 1447 2284 Erumpentes

73 2299 260 2340 lacrimas
291 2301 465 2340 viriliter
496 2301 655 2351 stringo
688 2304 729 2340 et
759 2301 948 2340 simulata
977 2301 1118 2339 vultus
1148 2300 1356 2340 hilaritate
1387 2302 1446 2340 in-

72 2370 215 2409 ternae
247 2371 557 2410 amaritudinem
586 2370 884 2409 moestitudinis
916 2372 1100 2421 contego.

585 2438 936 2477 stabularius.

73 2494 298 2535 Fortunata
328 2495 479 2545 Maria,
517 2496 694 2545 laetare,
733 2496 826 2548 quia
855 2508 936 2535 non
967 2495 1118 2544 solum,
1156 2497 1202 2535 ut
1232 2496 1444 2546 hactenus,

109 2606 158 2641 39)
182 2607 247 2632 obs
261 2616 273 2633 c
287 2609 409 2642 rvari,
429 2607 480 2641 M„
502 2608 547 2640 P„
569 2607 599 2636 C.
620 2617 648 2636 ιι,
671 2606 699 2633 S.
738 2607 772 2634 39
783 2608 814 2641 a)
840 2606 893 2632 das
915 2606 1015 2633 zweite
1035 2607 1160 2641 procede
1181 2607 1254 2634 fehlt
1274 2609 1301 2633 in
1323 2608 1353 2636 C.
1371 2617 1399 2635 u.
1414 2606 1449 2634 S·

178 2652 227 2687 40)
249 2653 288 2680 M.
302 2662 399 2686 urspr.
419 2654 608 2688 neophito,
622 2662 678 2680 von
693 2653 861 2680 alterHand
878 2654 989 2687 corrig.
1003 2655 1030 2679 in
1053 2654 1247 2688 neophito.
1275 2653 1324 2688 M)
1348 2657 1444 2688 post-

176 2698 263 2726 hac.
285 2699 316 2725 C.
336 2708 365 2727 ιι.
386 2699 416 2726 S.

1079 2715 1169 2776 15*
