1702 2939
585 249 901 291 -223-—

587 366 826 419 Ephrem.
842 365 896 417 2⁶)

57 437 112 478 Et
142 437 248 489 quod
277 438 376 476 tunc
406 435 575 474 fecisti?

603 502 874 542 Abraham.

55 574 134 616 Ubi
166 574 325 620 abesse,
358 584 479 624 quam
511 572 768 623 quaerebam,
801 569 1074 621 deprehendi,
1105 583 1267 610 viscera
1297 571 1429 611 discu-

58 644 265 683 tiebantur
296 641 452 689 timore,
482 641 664 679 membra
696 642 980 678 contremuere
1011 651 1177 691 pavore,

624 708 863 759 Ephrem.

56 779 144 819 Nec
174 778 346 828 mirum3
379 782 490 817 certe
515 779 555 816 et
586 789 663 827 ego
694 775 734 814 id
764 775 897 827 ipsum
926 789 1035 814 nunc
1065 776 1198 828 patior
1215 777 1429 817 audiendo.

605 844 878 883 Abraham.

58 916 216 955 Deinde
247 915 450 953 flebilibus
482 913 590 952 sonis
622 925 742 951 auras
774 913 919 964 pollui,
952 913 1155 964 rogitans,
1188 914 1278 965 quis
1308 915 1429 966 lupus

57 997 189 1023 meam
219 995 368 1035 agnam
399 986 577 1035 raperet,
609 981 698 1032 quis
726 981 831 1020 latro
862 994 994 1021 meam
1034 982 1157 1021 filiam
1188 983 1427 1035 captivaret.

625 1049 864 1103 Ephrem.

56 1121 158 1161 Jure
191 1121 440 1172 conquestus
470 1119 583 1158 fuisti
615 1120 704 1171 ejus
734 1118 1016 1172 perditionem,
1050 1132 1171 1171 quam
1199 1120 1374 1159 nutristi.

604 1199 675 1238 Ab
689 1212 709 1237 1·
720 1211 743 1237 a
754 1199 780 1237 h
793 1211 815 1237 a
827 1212 876 1237 m.

56 1269 240 1308 Tandem
257 1261 533 1315 accesserunt,
551 1267 629 1320 qui,
646 1267 865 1306 veritatem
883 1267 1072 1315 scientes,
1091 1281 1158 1306 res
1169 1268 1223 1321 ²⁷)
1252 1282 1343 1307 sese
1360 1269 1428 1318 ita,

55 1340 102 1377 ut
130 1337 203 1377 tibi
233 1349 342 1375 nunc
372 1336 565 1389 exposui,
606 1337 758 1375 habere
788 1336 999 1388 ipsamque
1030 1337 1204 1376 vanitati
1236 1338 1432 1378 dixerunt

58 1406 280 1445 deservire.

630 1461 664 1500 Ε
677 1476 702 1514 p
713 1462 738 1500 h
751 1475 771 1500 1·
784 1475 805 1500 e
817 1475 867 1501 m.

59 1519 139 1561 Ubi
169 1520 379 1559 moratur?
871 1529 902 1542 ⁸⁴

608 1576 647 1615 A
659 1578 681 1615 b
694 1577 781 1615 rah
799 1589 821 1614 a
833 1590 881 1615 m⁴

56 1633 290 1686 Ignoratur.

632 1690 666 1729 E
677 1704 702 1743 p
713 1691 739 1729 h
748 1703 768 1729 r
779 1702 800 1729 e
811 1703 861 1729 m.

61 1748 171 1794 Quid
201 1748 305 1787 fiet?

610 1804 648 1844 A
659 1805 683 1843 b
695 1818 716 1843 r
729 1817 751 1843 a
763 1805 789 1843 h
799 1817 822 1843 a
834 1818 883 1843 m.

62 1873 140 1912 Est
168 1873 266 1911 mihi
294 1873 425 1912 fidelis
457 1873 621 1919 amicus,
655 1873 733 1924 qui,
757 1874 944 1912 civitates
965 1874 1166 1925 villasque
1192 1887 1433 1927 peragrans,

62 1954 142 1981 non
175 1942 370 1994 quiescet,
403 1943 543 1991 donec,
576 1954 680 1994 quae
705 1943 816 1981 illam
833 1944 945 1981 terra
967 1943 1207 1996 susceperit,
1226 1950 1435 1995 agnoscet.

631 2010 869 2063 Ephrem.

64 2077 186 2127 Quid,
219 2078 253 2117 si
284 2078 553 2130 experietur?

613 2148 686 2187 Ab
699 2148 886 2186 raham.

62 2214 260 2254 Habitum
288 2216 453 2254 mutabo
483 2215 693 2267 ipsamque
725 2217 798 2254 sub
831 2215 1022 2254 amatoris
1061 2216 1198 2268 specie
1229 2217 1369 2265 adibo,
1401 2218 1436 2257 si

65 2283 171 2322 forte
201 2297 291 2323 meo
322 2284 477 2323 monitu
517 2286 610 2336 post
649 2296 778 2335 grave
809 2284 1072 2336 naufragium
1117 2288 1352 2326 revertatur
1382 2287 1435 2325 ad

64 2352 261 2404 pristinae
293 2352 440 2404 quietis
470 2355 644 2405 portum.

636 2420 873 2473 Ephrem.

66 2487 199 2528 Etiam
230 2489 326 2542 quid
355 2489 437 2538 fiet,
468 2489 502 2528 si
541 2491 723 2529 carnium
764 2503 859 2528 esus
897 2490 1063 2542 vinique
1103 2490 1274 2530 haustus
1313 2504 1436 2546 appo-

67 2560 219 2598 netur?

102 2714 152 2750 26)
173 2714 281 2750 Eplir.
304 2715 378 2742 fehlt
397 2716 426 2742 in
453 2714 494 2742 M.
516 2723 546 2744 u.
568 2715 619 2751 1³.;
639 2715 747 2751 quid,
768 2715 810 2751 C.‚
831 2715 860 2743 S.
882 2724 910 2745 ιι.
934 2715 994 2750 Mg.
1031 2717 1082 2752 ¹27)
1106 2724 1199 2751 rem,
1220 2716 1252 2746 C,
1268 2725 1298 2746 u.
1319 2716 1348 2744 S.
