1702 2939
618 217 932 261 —231—

633 334 913 375 Abraham.

89 395 190 441 Quis
220 407 411 446 umquam
440 406 464 433 a
493 395 662 447 peceato
695 394 833 433 extitit
861 393 1050 443 inmunis,
1090 393 1170 434 nisi
1214 394 1326 434 solus
1354 392 1461 433 filius

86 463 271 515 Virginis
285 464 304 502 P

691 518 737 559 M
748 532 771 558 a
782 533 803 559 r
813 519 828 559 i
838 532 872 559 a.

85 578 244 621 Nullus.

635 634 672 674 A
681 636 705 674 b
720 648 740 674 r
753 647 775 673 a
787 635 812 673 h
825 647 908 674 am.

85 705 321 745 Humanum
353 706 416 744 est
446 716 631 757 peccare,
664 704 908 743 diabolicum
939 705 1001 743 est
1018 703 1069 757 5⁰)
1100 703 1141 743 in
1178 703 1358 757 peccatis
1389 703 1461 743 du-

84 788 190 824 rare,
233 787 310 813 nec
347 775 439 826 jure
477 773 806 826 reprehenditur,
849 773 917 826 qui
957 773 1090 814 subito
1132 773 1250 823 cadit,
1289 773 1363 812 sed
1394 773 1462 825 qui

89 844 409 911 citiusxsurgere
440 842 637 894 neglegit.

670 909 851 950 Maria.

83 970 133 1010 Ei
161 970 259 1010 mihi
288 969 461 1009 infelici!

630 1025 907 1065 Abraham.

83 1096 165 1136 Cur
197 1096 381 1135 decidis?
424 1094 505 1134 Cur
544 1094 585 1134 in
625 1096 738 1135 terra
774 1095 889 1148 jaces
919 1093 1152 1135 inmobilis}>
1198 1094 1374 1147 Erigere
1407 1096 1459 1146 et,

85 1179 189 1219 quae
221 1165 364 1214 dicam,
395 1165 571 1218 percipe.
743 1158 745 1161 ¹

686 1220 860 1260 Maria.

84 1292 245 1331 Pavore
288 1303 485 1331 concussa
527 1290 682 1338 corrui,
725 1290 817 1342 quia
857 1289 941 1329 vim
986 1291 1185 1343 paternae
1228 1290 1459 1331 monitionis

81 1362 192 1401 serre
226 1360 402 1412 nequivi.
1451 1365 1456 1367 ⁴

190 1422 191 1426 ’
635 1416 907 1456 Abraham.

83 1487 265 1527 Attende
295 1487 376 1526 mei
404 1487 445 1526 in
475 1489 517 1527 te
549 1486 806 1525 dilectionem
838 1487 880 1526 et
910 1485 1068 1539 depone
1099 1485 1296 1526 timorem.

679 1554 864 1594 Maria.

79 1625 261 1677 Nequeo.

628 1680 906 1720 Abraham.

81 1751 227 1791 Nonne
258 1750 320 1789 tui
352 1762 475 1788 causa
506 1749 819 1788 desiderabilem
857 1748 983 1788 eremi
1028 1749 1320 1789 habitationem
1364 1751 1458 1791 reli-

83 1820 151 1872 qui
191 1832 430 1870 omnemque
449 1819 501 1871 5¹)
543 1819 747 1869 regularis
790 1819 1094 1858 observantiam
1135 1820 1458 1860 conversationis

80 1901 211 1941 paene
240 1888 450 1935 evacuavi,
468 1888 693 1934 intantum,
722 1889 768 1926 ut
794 1901 883 1938 ego,
905 1890 1025 1927 vetus
1042 1887 1093 1940 5²)
1122 1888 1352 1937 eremicola,
1375 1890 1458 1929 fac-

79 1960 145 1996 tus
176 1970 265 1995 sum
295 1956 596 1995 lascivientium
628 1957 813 2005 conviva,
846 1959 897 2005 et,
930 1957 997 2008 qui
1029 1957 1096 1995 diu
1127 1957 1287 1996 silentio
1320 1958 1457 1997 stude-

79 2027 183 2071 bam,
221 2025 422 2078 jocularia
462 2026 610 2074 verba,
652 2039 703 2064 ne
735 2039 997 2077 agnoscerer,
1038 2026 1328 2078 proferebam?
1375 2025 1457 2066 Cur

81 2094 255 2133 demisso
273 2093 310 2117 52
323 2094 355 2145 a)
382 2094 501 2132 vultu
531 2096 685 2133 terram
714 2094 910 2147 inspicis?
944 2093 1027 2134 Cur
1055 2095 1343 2148 respondendo
1373 2109 1456 2136 me-

85 2175 175 2201 cum
206 2163 333 2201 verba
363 2162 533 2201 miscere
566 2163 833 2214 dedignaris?

683 2231 860 2271 Maria.

82 2288 243 2340 Proprii
275 2288 522 2327 conscientia
553 2290 692 2328 reatus
725 2289 969 2338 confundor,
1001 2288 1092 2329 ideo
1123 2303 1199 2329 nec
1232 2291 1369 2331 oou1os
1402 2291 1455 2333 ad

83 2357 240 2395 coelum
270 2357 423 2405 levare,
455 2370 531 2396 nec
563 2371 791 2396 sermonem
822 2361 956 2397 tecum
988 2371 1202 2411 praesumo
1225 2373 1454 2400 conserere.

80 2481 174 2521 Noli
202 2482 399 2530 diffidere,
431 2483 523 2531 fflia,
552 2427 904 2537 ηοῙὶΑ(11ἰε.κῙὶ)ιοΙ;·ἓῐ“1ἓ,.
922 2484 995 2524 sed
1026 2498 1191 2538 emerge
1223 2486 1274 2525 de
1305 2487 1453 2540 abysso

86 2549 382 2602 desperationis
415 2555 456 2590 et
485 2552 566 2603 fige
598 2552 639 2590 in
670 2552 756 2591 Deo
789 2566 902 2607 spem
932 2553 1092 2594 mentis,

119 2651 168 2684 50]
186 2651 363 2677 diabolicum
392 2654 462 2678 est.
492 2652 566 2677 fehlt
587 2654 613 2677 fin
635 2653 676 2684 O,
706 2653 735 2680 S.
757 2661 783 2679 n.
806 2653 863 2687 Mg.
903 2655 951 2681 51]
973 2661 1128 2689 omnem,
1152 2656 1182 2682 C,
1205 2663 1233 2683 u.
1259 2654 1289 2684 S.
1327 2656 1376 2689 52]
1404 2662 1452 2683 ve·

189 2704 269 2730 rus,
292 2697 334 2732 C„
358 2696 386 2723 S.
408 2706 436 2725 u.
459 2697 517 2731 Mg.
555 2699 630 2733 may
654 2699 825 2733 dimisso,
848 2699 897 2735 M„
919 2699 949 2730 C,
974 2708 1002 2727 u.
1024 2699 1056 2726 S.
