1702 2939
231 605 296 648 65.

229 1628 293 1669 80.

233 2306 298 2348 90.

766 207 1048 250 ...10-

347 335 395 376 In
427 333 600 388 propriis
630 333 740 375 vitae
772 335 924 374 ducens
955 335 1004 374 ad
1038 333 1186 386 gaudia
1216 333 1361 382 laetae,

341 404 544 442 Passurus
571 408 741 442 mortem
770 417 963 455 magnum
993 403 1120 442 nostri
1150 416 1224 455 per
1254 414 1442 450 amorem,

339 471 643 525 Empturusque
674 485 766 511 reos
796 473 952 511 animae
983 471 1113 524 pretio
1144 471 1218 510 sibi
1249 483 1378 510 carae.

400 540 477 579 Hic
510 540 628 578 heros
660 540 821 589 etenim,
853 541 903 578 de
935 553 1012 592 quo
1044 540 1229 587 narrabo,
1262 537 1456 587 Joachim,

343 608 432 648 Tali
462 610 650 661 percerte
682 608 782 648 felix
813 608 1045 661 patriarcha
1075 612 1234 659 nepote,

342 677 443 715 Toto
476 689 520 714 se
552 676 722 728 placidis
753 689 902 715 ornans
933 675 1142 714 conamine
1174 675 1303 723 factis,

341 743 545 796 Quicquid
577 745 768 797 possedit,
799 758 872 797 per
903 748 986 783 tres
1017 746 1157 796 partes
1187 743 1402 791 resecavit,

345 813 509 851 Partem
539 813 640 851 dans
671 813 816 857 viduis,
847 812 1076 865 peregrinis
1108 814 1229 862 atque
1259 811 1418 863 puellis,

346 881 518 933 Saepius
550 881 588 919 iu
621 882 769 933 templo
801 887 958 933 partem
990 880 1277 919 famulantibus
1309 893 1421 931 ergo,

297 980 304 986 .
350 949 678 1000 Particulamque
709 962 806 987 suae
839 949 971 988 domui
1003 949 1244 987 servaverat
1274 947 1390 987 omni.

348 1016 436 1055 Hoc
468 1030 625 1068 quoque
657 1031 735 1055 non
766 1030 858 1056 raro
891 1017 1043 1056 faciens
1075 1017 1226 1069 pietate
1257 1015 1446 1067 benigna,

351 1085 484 1135 Digne
515 1085 744 1123 mercedem
776 1085 955 1137 susc-opit
985 1085 1159 1136 denique
1190 1084 1324 1131 talem,

349 1152 414 1192 Ut,
447 1153 610 1205 propria
641 1153 907 1191 substantiola
938 1154 1041 1191 bene
1072 1152 1350 1204 multiplicata,

342 1220 479 1272 Ipsius
510 1221 644 1271 gentis
676 1234 867 1272 proceres
896 1221 1167 1272 praecelleret
1198 1233 1363 1266 omnes,

340 1289 426 1328 Nee
457 1289 531 1327 sibi
564 1289 811 1327 consimilem
842 1291 1027 1341 portaret
1059 1292 1170 1328 terra
1200 1289 1419 1340 potentem,

343 1357 475 1402 Quem
506 1357 563 1395 sie
594 1363 831 1395 cunctarum
863 1357 1025 1395 fulciret
1056 1356 1170 1408 eopia
1200 1368 1347 1395 rerum.

401 1428 606 1470 Quattuor
636 1425 699 1463 hie
731 1428 842 1463 certe
875 1437 964 1463 eum
990 1425 1075 1476 jam
1105 1423 1278 1462 feliciter
1307 1423 1395 1475 ipse

345 1493 544 1532 volveret
574 1493 613 1532 in
646 1506 799 1532 summa
830 1493 993 1531 fortuna
1023 1493 1152 1530 lustra
1182 1493 1327 1539 rotata,

340 1561 468 1600 Vultu
499 1562 786 1613 perpulchram
818 1561 892 1599 sibi
923 1560 1187 1612 desponsavit
1217 1559 1386 1598 amieam

338 1629 509 1669 Necnon
540 1630 810 1682 praenitidam
841 1629 1056 1668 laudandis
1087 1628 1286 1676 moribus,
1316 1627 1490 1675 Annam,

343 1697 381 1736 A
414 1698 520 1737 caris
550 1701 704 1745 natam,
735 1698 868 1736 David
899 1698 948 1736 de
980 1696 1106 1749 stirpe
1137 1698 1326 1744 creatam,

349 1766 536 1805 Foedere
566 1766 692 1817 legali
721 1765 884 1818 proprio
916 1777 1035 1817 quam
1059 1764 1199 1816 junxit
1229 1762 1366 1802 amori.

340 1833 459 1872 Hane
489 1837 624 1873 autem
649 1838 884 1881 memorant,
917 1833 1097 1872 sterilem
1126 1845 1206 1872 non
1238 1834 1420 1884 tempore
1449 1843 1591 1886 parvo,

344 1901 465 1952 Spem
496 1905 637 1953 partus
667 1900 815 1940 homini
845 1901 998 1940 nullam
1028 1900 1215 1939 conferre
1245 1899 1366 1938 fideli.

292 2000 299 2007 .
346 1969 539 2017 Tandem,
571 1969 741 2020 digestis
771 1969 832 2008 bis
864 1969 979 2007 denis
1011 1968 1166 2007 scilieet
1196 1967 1324 2015 annis,

350 2035 550 2089 Contigit,
580 2037 620 2075 in
652 2037 801 2089 templo
833 2036 1017 2076 Joachim
1048 2037 1121 2075 sub
1153 2037 1336 2088 tempore
1367 2034 1472 2075 festo

351 2104 468 2144 Inter
498 2107 679 2144 sacratos
709 2105 849 2143 altaris
880 2108 990 2143 stare
1020 2104 1237 2152 ministros,

338 2173 387 2212 In
400 2186 565 2212 censum
597 2172 710 2224 digni
742 2173 906 2212 fuerant
937 2172 1003 2224 qui
1033 2185 1186 2225 ponere
1215 2171 1304 2211 visi.

348 2241 483 2286 Quem
512 2240 661 2280 Ruben
692 2241 831 2293 templi
862 2241 956 2279 dum
986 2241 1089 2280 vidit
1118 2241 1250 2280 scriba
1280 2238 1442 2288 sacrati,

342 2309 506 2348 Exosus
538 2309 701 2356 sactum,
734 2309 852 2348 dictis
882 2307 1028 2347 affatur
1058 2308 1224 2347 amaris:

344 2376 460 2425 „Xon
491 2376 587 2415 lieet
615 2376 846 2424 incensum,
879 2376 1001 2424 dixit,
1032 2379 1074 2416 te
1103 2381 1276 2428 tangere
1306 2377 1502 2423 sanctum,

348 2443 546 2491 „Munera
575 2457 651 2483 nee
680 2444 850 2484 Domino
881 2446 1066 2497 praestat
1095 2445 1193 2484 dare
1223 2443 1501 2492 sacrificando,

263 2624 305 2651 7⁴.
329 2626 475 2657 genten,
503 2623 534 2649 C.
556 2631 582 2648 ιι.
605 2622 634 2647 S.
673 2623 713 2649 77.
753 2622 852 2654 hinc,
873 2623 902 2648 C.
923 2631 949 2649 ιι.
973 2621 1001 2648 S.
1040 2624 1082 2648 7⁴.
1107 2624 1272 2655 vinu-et,
1295 2623 1325 2650 C.
1344 2631 1373 2650 u.
1395 2622 1426 2648 S.
1461 2624 1505 2651 82.
1530 2623 1598 2650 Foe-

333 2670 401 2702 deri,
418 2669 446 2694 S.
483 2670 528 2695 90.
547 2667 712 2701 Exn-um,
729 2668 759 2695 C.
777 2677 792 2693 ιι
818 2668 849 2695 S.
887 2670 930 2694 9¹2.
952 2668 1229 2702 sacrificnudn‚
1253 2668 1282 2695 C.
1297 2667 1367 2696 u.S.
