1702 2939
776 216 1089 258 —104—

363 334 470 380 „Sed
500 335 631 373 restat
661 333 786 372 monti
816 333 984 371 sceleris
1015 345 1082 371 res
1113 333 1222 372 facta
1240 333 1408 381 volenti,

366 402 459 448 „Me
489 402 582 453 quia
611 415 686 453 per
714 401 871 440 litteras
901 401 1006 439 hosti
1037 401 1229 440 dederam
1260 403 1365 441 male
1395 401 1572 455 scriptas

255 469 346 510 185.
368 470 446 519 „Et
473 484 620 509 nomen
650 470 799 509 Clu-isti
829 473 993 508 caecato
1025 470 1147 508 corde
1178 471 1363 522 negavi.“

421 539 486 578 Ad
516 552 636 590 quem
667 539 731 577 vir
760 538 940 577 Domini:
970 537 1143 584 „Curam
1175 539 1245 577 tibi
1275 539 1435 590 fingere
1464 538 1558 586 noli,

363 607 473 656 „Uen
503 607 573 646 tibi
604 607 657 646 sit
683 606 830 645 veniae
862 607 1023 659 penitus
1054 620 1149 659 spes
1183 607 1346 659 dempta
1373 607 1587 659 petendae.

364 675 543 724 „Unicus
572 688 672 726 ergo
702 675 831 727 patris
857 675 987 726 judex
1017 674 1252 714 mitissimus
1283 675 1402 723 orbis,

364 743 454 791 „Ad
484 756 528 781 se
560 755 803 782 conversum
835 743 902 794 qui
931 755 1149 794 numquam
1177 743 1334 795 respuit
1364 743 1503 791 ullum,

253 811 343 852 190.
368 812 434 860 „Si
467 811 593 850 defles
625 811 796 863 culpam,
827 812 981 862 gaudet
1008 814 1221 863 praestare
1251 811 1463 850 medelam.

363 881 496 930 „Hinc
521 881 605 932 jam
634 880 886 918 mortiferum
916 879 1074 932 peccati
1102 880 1238 931 linque
1268 879 1526 932 profundum,

363 949 556 998 „Necnon
591 948 642 986 ad
670 950 828 987 ‘certum
858 948 1020 1000 pietatis
1051 949 1227 998 confuge
1256 950 1427 1000 portum,

364 1018 453 1066 „Ad
485 1031 529 1055 sc
560 1017 777 1055 tendentes
807 1017 874 1068 qui
903 1017 1039 1055 salvos
1068 1016 1235 1068 suscipit
1264 1019 1440 1055 omnes.“

363 1085 438 1124 His
469 1086 593 1136 igitur
621 1085 813 1123 miserum
842 1085 1002 1123 monitis
1034 1084 1214 1123 correxit
1243 1085 1464 1124 homullum

254 1152 345 1193 195.
369 1154 538 1192 Nec-non
567 1156 712 1206 sponte
743 1166 816 1191 suo
846 1153 964 1203 nigro
995 1153 1194 1192 conclusit
1224 1153 1263 1191 in
1292 1155 1421 1201 antro,

364 1221 455 1260 Illic
482 1225 528 1260 ut
555 1221 698 1260 sordes
728 1221 836 1260 licito
866 1221 1038 1260 defleret
1067 1221 1255 1260 inormes.

420 1289 519 1328 Post
550 1293 634 1328 tres
662 1302 762 1340 crgo
792 1289 878 1327 dics
909 1290 1056 1328 iterum
1084 1289 1278 1329 veniebat
1306 1289 1357 1328 ad
1385 1289 1511 1338 illum,

368 1357 598 1409 Inquirens,
631 1358 754 1396 talem
782 1357 817 1396 si
847 1360 986 1409 posset
1014 1358 1123 1396 scrrc
1155 1358 1345 1397 laborem.

366 1426 459 1474 Qui,
489 1427 621 1464 lassus
639 1426 815 1474 nimium,
840 1426 978 1464 verbis
1009 1426 1278 1478 responderat
1305 1426 1413 1465 istis:

251 1493 346 1534 200.
369 1495 554 1542 „Poenas
585 1495 798 1546 spirituum
829 1494 961 1546 patior
990 1495 1062 1533 vix
1092 1507 1265 1546 namque
1297 1495 1518 1545 nigrorum,

367 1563 460 1610 „Me
493 1563 586 1614 quia
616 1562 816 1601 continuis
847 1565 1070 1602 attrectant
1100 1575 1273 1614 namque
1304 1563 1480 1614 flagellis

366 1631 527 1682 „Atque
559 1634 704 1683 petunt
728 1631 876 1682 jaculis
908 1631 1087 1683 lapidum
1117 1631 1354 1683 saepissime
1385 1631 1509 1671 duris.

363 1699 566 1751 „Insuper
597 1699 823 1751 obprobriis
855 1699 1062 1751 obponunt
1092 1711 1253 1750 semper
1283 1700 1442 1748 amaris,

367 1767 512 1815 „Quod
543 1779 623 1806 non
655 1767 806 1806 invitus
836 1767 1005 1819 pridem,
1037 1767 1109 1805 scd
1141 1767 1270 1817 gratis
1301 1767 1456 1806 adirem

248 1832 342 1874 205.
365 1835 502 1883 „1110s,
536 1835 714 1887 ipsorum
745 1836 832 1874 sinc
863 1835 904 1873 vi
934 1848 997 1873 me
1031 1835 1132 1873 dans
1164 1835 1339 1874 ditioni.“

366 1903 483 1942 Tunc
514 1903 672 1941 animae
703 1903 884 1942 med-Zeus
912 1903 1218 1950 languescentis
1249 1904 1353 1942 bene
1385 1904 1538 1953 doctus,

361 1969 577 2009 Lassatum
608 1971 719 2009 refici
746 1971 870 2022 jussit
900 1971 1116 2022 statimque
1147 1972 1329 2010 recessit.

358 2038 458 2078 Post
488 2043 646 2091 tempus
676 2051 849 2092 parvum
877 2039 1071 2078 veniebat
1101 2040 1276 2091 denique
1306 2053 1478 2087 rursum,

362 2106 588 2155 Quaerens,
620 2109 791 2147 obscuro
823 2108 918 2159 quid
950 2111 1046 2146 tunc
1076 2111 1289 2160 pateretur
1319 2108 1359 2148 in
1390 2111 1518 2148 antro.

245 2174 340 2215 210.
361 2175 439 2220 Qui
472 2176 593 2215 dixit:
624 2180 761 2223 „certe
791 2176 934 2214 melius
963 2176 1094 2222 valeo,
1124 2179 1241 2228 pater
1273 2176 1390 2224 alme,

359 2243 565 2295 „Longius
595 2244 809 2283 horribiles
837 2246 995 2283 tantum
1025 2244 1119 2295 quia
1149 2244 1278 2283 sentio
1309 2247 1470 2283 voces.“

359 2312 466 2350 Hinc
498 2313 672 2363 praesul,
704 2313 838 2352 lactus
869 2316 1028 2351 secroto
1059 2315 1225 2364 pectore
1257 2314 1401 2362 faetus,

358 2379 592 2430 Egreditur,
619 2381 741 2432 juxta
770 2394 922 2419 morem
954 2381 1138 2419 faciendo
1169 2381 1355 2433 priorem.

359 2447 552 2495 Tandem,
584 2454 675 2500 post
704 2450 879 2501 spatium
909 2449 1078 2487 veniens
1111 2449 1381 2500 quadraginta
1412 2449 1581 2498 dierum,

290 2638 350 2665 189.
372 2638 499 2665 illum.
521 2638 826 2672 M.191.11nqne‚
848 2638 887 2665 M.
930 2640 975 2665 195
996 2641 1138 2672 sponte
1168 2645 1250 2670 uua.
1275 2637 1306 2664 C.
1328 2646 1360 2666 n.
1381 2637 1411 2666 S.
1429 2637 1483 2667 196.
1504 2645 1606 2664 enor-

362 2693 452 2719 men,
473 2684 505 2713 C.
527 2693 554 2720 ιι,
576 2683 605 2711 S.
642 2686 701 2712 ’2οΊ-
722 2685 898 2719 pezium,
922 2684 970 2717 M.;
996 2685 1023 2710 in
1045 2685 1075 2712 P.
1097 2685 1132 2710 lut
1155 2687 1200 2710 ein
1221 2683 1315 2710 strici·
1337 2684 1492 2710 muradlrt.
