1702 2939
604 247 890 292 ...41-

179 367 260 419 „Ut
290 356 363 409 tua
390 367 475 409 vita
501 366 634 420 magis
661 366 924 421 praefulgeat
951 366 1116 421 inclyta,
1147 364 1271 408 castis

180 437 380 491 „Saepius
410 438 615 490 obsequiis
643 437 894 477 circumdata
920 437 1206 488 virginitatis.“

235 507 371 547 Illicet
398 507 613 558 angelicus
644 506 846 545 dicentem
876 505 973 545 talia
1001 508 1142 545 coetus

89 574 154 617 95.
178 575 320 630 Ipsum
350 575 573 616 dulcisonis
601 575 774 614 laudans
798 574 1063 614 circumdedit
1091 574 1272 626 hymnis,

177 645 231 686 Et
259 658 374 684 mons
405 645 637 696 contegitur
666 644 798 683 subito
831 657 922 683 cum
949 645 1058 682 nube
1087 656 1245 683 sereno.

176 713 434 753 Conveniunt
461 714 544 753 illic
570 716 758 753 veterum
789 712 908 752 cunei
936 725 1097 764 quoque
1124 714 1291 760 vatum,

174 782 291 823 Inter
319 796 420 835 quos
448 783 606 822 medius
633 781 779 830 David,
806 795 882 820 rex
907 781 1086 834 psallere
1116 780 1281 828 doctus,

179 850 359 891 Cantans
387 851 428 890 in
461 852 639 899 citharis,
669 851 857 890 hortatur
885 850 1034 889 talibus
1063 849 1177 888 orsis.

69 919 159 959 100.
182 921 357 969 „Natum
386 920 575 959 coelestis
605 920 750 959 solium
778 919 946 972 petiisse
975 917 1179 971 parentis,

176 988 402 1038 „Exaltare
436 1002 560 1042 super
591 989 738 1037 coelos,
769 989 886 1028 fortis
914 988 1049 1035 Deus,
1078 987 1194 1033 altos,

177 1059 338 1110 ..Atque
367 1071 492 1112 super
521 1062 648 1098 totam
675 1057 813 1097 mundi
843 1061 911 1096 tua
941 1055 1072 1107 gloria.
1099 1058 1290 1095 terram.“

177 1126 346 1167 Scilicet
373 1127 570 1179 angelicis
599 1127 778 1166 suadens
807 1126 863 1165 ait
890 1125 968 1164 ista
997 1125 1198 1164 catervis:

180 1195 399 1242 „Exaltate
427 1196 562 1234 Deum
590 1196 798 1235 modulato
829 1194 1008 1234 carmine
1037 1202 1235 1242 nostrum,

68 1262 157 1303 105,
185 1263 386 1312 „Orantes
418 1264 458 1303 in
488 1269 624 1303 monte
656 1277 729 1303 suo
759 1265 904 1303 crebra
931 1276 1055 1315 prece
1084 1265 1239 1310 sancto,

182 1333 293 1381 „Iste
321 1333 434 1372 Deus
467 1333 664 1373 Dominus
693 1336 833 1372 noster
864 1334 1024 1371 constat
1051 1331 1146 1383 quia
1174 1332 1352 1371 sanctus.

240 1402 294 1441 Et
322 1400 508 1441 Christus
539 1402 564 1441 J
568 1415 680 1450 esus,
711 1401 830 1440 vultu
850 1401 1010 1440 ridente
1039 1414 1247 1447 reversus,

180 1470 400 1523 Discipulis
427 1471 576 1510 iterum
604 1471 741 1510 verbis
771 1470 934 1510 dicebat
963 1470 1123 1509 amicis:

179 1539 293 1587 „Pax
323 1539 451 1588 vobis,
481 1540 643 1588 fratres,
672 1552 834 1592 semper
863 1539 960 1579 mihi
986 1539 1064 1578 rite
1093 1538 1248 1585 fideles,

69 1607 160 1648 110.
184 1608 330 1657 „Velle
361 1622 497 1648 meum
526 1608 595 1660 qui
625 1609 780 1648 fecistis
810 1621 969 1647 necnon
997 1607 1168 1655 faciatis,

187 1677 319 1723 „Ecce
346 1690 479 1717 meam
507 1678 695 1716 stabilem
723 1677 838 1717 vobis
868 1677 918 1716 do
949 1677 1124 1728 denique
1153 1689 1307 1729 pacem,

182 1747 269 1795 „Ac
297 1747 414 1786 vobis
445 1747 575 1800 ipsam
599 1759 742 1799 pacem
771 1745 926 1785 dimitto
955 1748 1218 1798 perennem.“

184 1815 300 1855 Haec
330 1816 398 1865 ait,
430 1819 471 1856 et
498 1816 629 1863 citius,
658 1814 825 1868 propria
854 1814 1008 1854 virtute
1036 1814 1213 1862 levatus,

187 1885 399 1933 Ascendit,
429 1885 507 1924 diri
537 1885 668 1924 victor
697 1897 822 1937 super
850 1884 1019 1923 aethera
1046 1883 1130 1931 leti,

79 1952 166 1994 115.
191 1953 395 2006 Obsequio
424 1954 542 1993 nubis
573 1953 870 2005 circumseptus
898 1952 1115 1991 rutilantis.

188 2022 323 2068 Quem
351 2035 514 2061 sursum
543 2022 636 2061 fixis
667 2035 758 2061 cum
787 2020 1044 2073 respexisset
1073 2021 1211 2060 ocellis

186 2090 309 2130 Plebs
338 2090 501 2130 doctrix
532 2091 639 2139 fidei,
669 2089 859 2130 claustris
889 2089 992 2129 coeli
1021 2090 1249 2143 patefactis,

187 2159 438 2211 Pergentem
466 2173 639 2208 sursum,
671 2158 827 2198 cunctis
857 2158 1148 2198 famulantibus
1177 2157 1311 2207 astris,

186 2227 287 2268 Mox
315 2228 394 2267 duo
424 2241 570 2280 nempe
598 2227 688 2274 viri,
717 2227 880 2266 stellato
909 2227 1075 2266 cardine
1103 2227 1220 2280 lapsi,

77 2295 167 2337 120.
191 2297 422 2337 Astiterant
450 2296 540 2343 illis,
569 2296 701 2335 induti
729 2295 912 2335 vestibus
942 2295 1055 2343 albis,

195 2365 276 2412 Qui
305 2365 404 2405 satis
434 2365 634 2417 angelicis
664 2364 965 2404 dixerunttalia
998 2363 1156 2403 verbis:

190 2435 367 2483 ‚‚Dicite‚
408 2447 542 2487 posco,
571 2434 662 2482 viri,
691 2447 764 2473 cur
793 2432 998 2486 suspicitis
1028 2430 1215 2481 Galilaei,

187 2502 406 2552 „Vultibus
436 2503 618 2543 attonitis
646 2504 803 2542 stantes
833 2501 1042 2553 oculisque
1071 2501 1258 2554 supinis?

1357 1334 1378 1350 ί(

105 2638 149 2665 96.
169 2637 204 2663 Et
222 2646 336 2672 mors,
359 2639 398 2664 Μ.
422 2647 449 2664 ιι.
469 2639 501 2665 P.
521 2647 610 2671 mox.
630 2638 662 2665 C.
683 2646 712 2663 u.
732 2637 761 2664 S.
789 2645 936 2670 serena,
962 2637 993 2664 C.
1015 2645 1043 2663 u.
1065 2636 1219 2671 S.,·verg1.
1242 2635 1275 2662 G.
1300 2636 1355 2663 194.

97 2683 154 2710 104.
173 2683 371 2717 Eunai-e,
396 2683 436 2710 M.
466 2692 494 2711 u.
524 2684 556 2710 P.
615 2684 671 2712 110.
691 2683 860 2717 facietis,
891 2683 923 2712 C.
953 2691 982 2710 u.
1003 2682 1033 2709 S.
1092 2684 1150 2710 116.
1172 2682 1362 2716 respexit,
1384 2680 1446 2715 M.;

179 2729 216 2755 ist
236 2736 294 2755 von
316 2729 349 2756 P.
369 2730 397 2754 in
417 2731 643 2764 „rc-spuisse&
666 2729 812 2763 corrigite.
856 2730 912 2756 1¹12
933 2728 1050 2763 galei,
1069 2727 1108 2753 M.
