1702 2939
627 235 942 277 —351—

90 350 184 392 325.
207 352 323 391 Haec
355 352 434 392 fuit
464 352 614 392 illustri
645 353 806 391 cuidam
836 352 1083 405 nimiumque
1113 351 1271 405 potenti

202 422 459 474 Desponsata
490 422 591 467 viro,
623 421 864 461 Bernhardo
896 422 1056 461 nomine
1089 422 1219 471 dict03

205 490 286 530 Sed
319 504 410 529 sese
443 489 604 530 Christo
637 491 740 529 clam
772 492 1088 530 consecraverat
1116 490 1216 544 ipsa,

201 558 379 599 Coelesti
410 573 509 599 vere
543 573 703 612 sponso,
736 560 940 599 velamine
972 573 1101 607 sacro,

201 627 372 668 Omnino
405 642 597 681 sponsum
628 642 827 681 spernens
858 629 990 669 animo
1021 629 1272 668 moriturum.

86 695 182 737 330.
217 697 305 737 Nec
336 700 472 737 tamen
502 698 715 749 extimplo,
747 711 821 750 pro
853 698 1051 737 seditione
1085 698 1281 747 cavenda,

197 766 312 806 Auro
345 767 554 818 fulgentes
585 767 717 819 potuit
748 767 956 819 deponere
985 770 1138 816 vestes,

196 835 388 874 Induitur
419 836 535 874 solito
567 835 641 874 sed
671 836 826 874 vestitu
862 836 1052 888 pretioso.

198 903 367 943 Interea
397 904 522 951 venit,
556 917 676 955 quem
706 916 856 956 sponsa
886 904 963 942 Dei
993 904 1243 956 reprobavit,

197 972 268 1014 Uti
298 973 509 1024 colloquiis
541 974 630 1025 ejus
662 984 865 1024 quaerens
895 973 1134 1012 manifestis.

81 1038 174 1081 335.
194 1041 370 1081 Audivit
398 1055 512 1089 vero,
542 1044 684 1080 votum
715 1041 810 1092 quia
840 1041 987 1081 fecerit
1016 1041 1117 1094 ipsa,

197 1110 318 1149 Velle
350 1110 579 1163 puellarem
610 1112 722 1149 caste
754 1123 924 1149 servare
954 1111 1163 1163 pudorem.

195 1178 313 1224 Quae
346 1192 436 1218 011111
468 1179 653 1218 tardaret
684 1179 762 1218 cito
793 1192 870 1219 nec
900 1180 1126 1232 procedere
1156 1179 1297 1227 vellet,

194 1247 314 1293 Quod
344 1247 457 1300 Prius
489 1248 686 1297 audierat,
717 1261 864 1287 verum
895 1249 983 1288 sore
1014 1249 1137 1287 valde
1168 1248 1359 1298 timebat3

191 1316 489 1370 Inpatiensque
530 1330 667 1357 morae
700 1317 888 1356 domnam
917 1317 1111 1371 precibus
1142 1318 1280 1370 placat
1312 1316 1459 1366 Odam,

77 1384 171 1426 340.
194 1386 336 1426 Donec
366 1387 455 1439 ipsa
486 1399 602 1425 suam
629 1387 752 1439 jussit
781 1387 1006 1439 procedere
1037 1389 1187 1436 natam,

193 1454 390 1495 Ornatam
423 1456 594 1508 pulchre
627 1456 739 1495 cultu
770 1456 898 1495 vestis
929 1456 1134 1508 pretiosae

189 1524 360 1563 Necnon
394 1524 608 1575 gemmatis
641 1537 883 1577 sponsarum
914 1538 1026 1564 more
1057 1524 1245 1564 metallis.

189 1592 269 1632 Ast
298 1593 367 1632 ubi
397 1593 665 1632 Bernhardus
696 1594 810 1642 vidit,
841 1606 963 1646 quam
995 1593 1258 1642 desideravit,

189 1662 267 1701 His
299 1663 439 1702 verbis
472 1675 610 1701 caram
640 1663 802 1702 causari
832 1664 964 1702 fertur
996 1663 1187 1702 amicam:

75 1729 170 1771 345.
194 1731 311 1780 „Non
341 1744 435 1771 raro
468 1731 600 1781 didici,
632 1732 742 1771 fama
772 1732 1023 1785 procedente
1056 1732 1232 1780 sinistra,

193 1800 339 1849 „Quod
370 1802 414 1840 tu
446 1801 589 1840 nitaris
620 1804 806 1841 nostrum
837 1802 1093 1854 disrumpere
1124 1803 1290 1853 pactum

191 1869 270 1918 „Et
300 1870 396 1909 fidei
426 1870 570 1910 foedus
602 1871 852 1909 servandum
881 1871 1044 1910 solvere
1076 1882 1257 1923 prorsus.

191 1938 274 1987 „At
304 1951 412 1978 nunc
443 1939 495 1978 ad
526 1940 679 1979 bellum
711 1939 828 1979 citius
858 1952 1083 1993 properare
1114 1939 1299 1978 futurum

190 2007 443 2060 „Praecepto
474 2008 588 2060 regis
622 2022 759 2061 cogor,
790 2009 921 2049 nostri
951 2008 1136 2048 senioris.

75 2073 170 2116 350.
193 2075 327 2124 „Hinc
358 2078 520 2128 tempus
552 2077 661 2128 quod
690 2090 800 2117 nuno
830 2091 912 2117 non
945 2079 1008 2116 est
1038 2078 1113 2117 hoo
1144 2076 1399 2127 discutiendi,

190 2143 261 2193 „Si
292 2145 460 2183 redeam
491 2147 603 2184 certe
635 2158 788 2198 sospes,
822 2146 1042 2185 comitante
1074 2146 1221 2194 salute,

190 2212 326 2262 „Scito
358 2213 501 2265 procul
533 2213 666 2262 dubio,
698 2214 805 2265 quod
836 2216 876 2254 te
906 2214 1089 2253 mihimet
1118 2215 1280 2255 sociabo

188 2282 351 2334 „Atque
382 2282 444 2321 tui
472 2284 615 2321 votum
644 2283 808 2335 penitus
838 2283 1112 2336 pessumdabo
1142 2287 1332 2324 vanum.“

189 2350 377 2399 Dixerat,
411 2352 453 2390 et
482 2351 642 2400 dextra,
675 2356 885 2404 permotus
912 2355 1063 2402 mente,
1094 2353 1247 2402 levata,

73 2417 313 2460 355.Ju1-at
342 2433 417 2473 per
449 2420 652 2472 gladium,
693 2434 769 2473 per
809 2421 1070 2462 candidulum
1101 2435 1262 2475 quoque
1294 2422 1454 2472 collum,

189 2488 318 2528 Juxta
349 2502 470 2542 posse
502 2489 565 2528 sui
594 2489 713 2528 factis
744 2491 956 2543 praedicta
985 2491 1149 2545 repleri.

107 2623 168 2651 326.
190 2623 284 2649 Bern
297 2623 402 2657 rado,
424 2623 600 2652 Lck.u.Lb.
637 2624 700 2651 3⁶28.
721 2623 849 2651 coelesti
868 2625 967 2661 fera,
990 2626 1065 2663 Ap.;
1087 2626 1359 2661 coelestifera,
1380 2626 1450 2654 Lck.

190 2669 250 2697 337.
272 2670 466 2704 tardarat.
487 2670 557 2698 Lck.
595 2671 656 2698 339.
679 2671 761 2697 dom
776 2672 889 2706 inam,
910 2673 964 2707 Ap.
983 2681 1011 2700 u.
1031 2674 1102 2701 Lck.
1140 2672 1201 2701 346.
1223 2671 1310 2700 Quod
1331 2676 1375 2704 te,
1395 2674 1453 2708 Ap·

176 2715 306 2751 u.Lck.;
327 2717 485 2751 nitans,
506 2717 576 2743 Lck.
613 2717 675 2746 350.
698 2718 859 2753 quodni,
879 2718 1079 2755 Ap.u.Lck.;
1100 2720 1288 2755 quoniam,
1308 2720 1450 2750 Lb.u.fl.
