1702 2939
115 348 207 390 475.
227 347 373 390 Grates,
404 347 636 388 Altithrono
667 347 887 388 reddentes
917 351 1082 401 pectore
1112 348 1231 394 laeto,

223 418 297 459 Cui
325 418 480 471 placuit
509 418 626 468 signo
653 419 808 471 justum
836 420 1064 456 monstrare
1094 417 1267 456 novello.

225 487 320 541 Ipse
352 487 436 536 sed,
468 486 614 526 aetatis
644 501 723 527 non
752 487 947 526 inmemor
976 485 1193 533 ulterioris,

224 557 473 603 Protestans,
504 568 695 609 proceres
725 569 768 594 se
796 556 880 608 jam
910 555 1103 606 genuisse
1134 555 1316 607 nepotes,

226 625 378 678 Magno
408 630 595 679 percerte
627 626 757 664 fertur
786 623 966 676 rogtiare
997 624 1152 677 pudore

108 694 449 740 4SO.P0ntifices,
481 694 652 733 Mariam
683 707 760 746 quo
790 706 871 733 non
900 693 1059 732 vellent
1090 692 1165 732 sibi
1193 692 1415 746 pulchram,

217 764 352 817 Ipsius
383 764 544 817 proprio
576 764 649 803 sed
679 775 870 816 sponsam
897 762 1062 802 tradere
1093 765 1199 802 nato.

222 833 340 879 Quod
370 846 460 871 cum
490 833 593 872 forte
614 835 780 884 negant,
812 845 856 871 se
878 832 1083 884 signatum
1114 844 1272 883 quoque
1291 833 1472 879 narrant,

219 902 311 942 Nec
342 902 527 954 cuiquam
556 902 669 941 credi
699 904 881 941 sanctam
911 901 1063 940 debere
1092 900 1281 953 puellam,

222 972 353 1017 Quam
383 971 471 1019 sibi,
504 984 624 1022 quem
652 971 847 1010 Dominus
879 970 1009 1009 solum
1038 969 1138 1009 feeit
1172 969 1260 1009 fore
1292 968 1472 1021 dignum,

109 1039 203 1080 485.
221 1040 410 1080 Exorans
441 1040 541 1079 alias
573 1040 706 1093 eoepit
735 1039 915 1091 rogitare
945 1039 1116 1091 puellas,

222 1109 332 1149 Mitti
361 1122 450 1148 cum
481 1109 612 1148 Maria
643 1121 765 1148 eausa
796 1107 999 1147 solaminis
1031 1120 1143 1159 ergo,

223 1178 351 1227 Quae,
382 1178 511 1217 veluti
542 1178 796 1217 connutritae
828 1177 1041 1229 sociaeque
1073 1188 1262 1224 coaevae,

220 1247 558 1299 Illam'colloquii
588 1247 740 1286 scirent
770 1246 963 1286 solamine
995 1245 1102 1285 dulci

222 1317 390 1368 Absque
420 1328 532 1355 mora
563 1316 774 1363 consolari,
805 1329 857 1354 ne
888 1315 1005 1367 virgo
1035 1315 1181 1369 pudori

107 1383 200 1425 490.
219 1384 402 1437 conjuge
433 1398 506 1437 pro
536 1385 675 1424 vetulo
706 1385 825 1424 fieret
855 1385 1038 1437 subjecta
1067 1385 1231 1424 tenella.

220 1454 339 1499 Quod
370 1467 465 1494 mox
494 1454 707 1506 pontifices
738 1455 826 1494 fieri
851 1455 1014 1507 jussere
1044 1456 1248 1507 parentes.

223 1523 304 1562 Sed
335 1523 469 1562 senior
500 1523 653 1562 frustra
684 1524 906 1563 sudaverat
933 1523 1012 1563 ista
1041 1523 1236 1575 rogando,

221 1591 312 1631 Xon
343 1592 430 1640 sibi,
463 1592 535 1630 sed
558 1590 717 1632 Christo
748 1593 883 1632 fuerat
913 1593 1006 1644 quia
1026 1591 1310 1646 virgo-dicata.

273 1660 493 1712 Postquam
522 1661 734 1714 pontifices
764 1662 942 1714 preculis
974 1674 1138 1701 cessere
1167 1654 1385 1714 precantis,

106 1727 200 1769 495.
219 1729 244 1769 J
247 1730 373 1782 oseph
405 1730 651 1768 servanda-m
681 1730 862 1783 suscepit
890 1742 1064 1782 namque
1093 1731 1271 1783 puellam

216 1798 272 1838 Et
299 1798 639 1851 pariter‘missas,
671 1800 712 1839 ni
742 1800 873 1847 fallor,
906 1799 1083 1852 quinque
1114 1800 1285 1852 puellas,

217 1867 400 1912 Quarum
430 1868 488 1907 sic
519 1882 618 1919 ergo
651 1869 874 1908 creduntur
904 1868 1066 1908 nomina
1096 1868 1225 1908 dicta:

217 1936 490 1989 sephiphona,
522 1937 657 1986 Zabel,
691 1937 888 1986 Susanna,
920 1937 1122 1986 Rebecca,
1153 1938 1327 1990 Abigea,

219 2005 320 2051 Quis
352 2019 452 2058 opus
483 2007 536 2045 ad
565 2007 703 2060 templi
733 2007 974 2060 pertingens
1005 2019 1178 2059 namque
1209 2007 1359 2047 sacrati

102 2072 196 2114 500.
216 2074 408 2114 Traditur
439 2078 625 2114 ornat-um
657 2075 836 2115 studiose
866 2076 1171 2128 perficiendum,

216 2143 403 2196 Purpura
435 2157 525 2183 cum
556 2146 690 2197 bysso,
721 2145 847 2184 linum
879 2158 969 2184 eum
998 2145 1155 2184 vellere
1185 2158 1342 2195 serum3

217 2212 404 2265 Purpura
433 2213 505 2252 sed
536 2219 702 2252 sanctae
734 2214 898 2265 fulgens
929 2214 1135 2266 operanda
1165 2213 1322 2255 Mariae

216 2279 405 2321 Creditur
436 2282 487 2321 ad
517 2283 655 2321 velum
683 2282 844 2322 Domini
873 2283 1014 2336 templi
1043 2283 1276 2337 pretiosum.

272 2350 348 2389 His
380 2364 503 2403 super
534 2364 730 2390 accensae
761 2354 1002 2404 praesentes
1033 2353 1182 2406 quippe
1213 2354 1376 2406 puellae

103 2416 198 2458 505.
218 2418 433 2472 Obprobrii
463 2433 585 2459 causa
616 2421 810 2460 dixerunt
839 2421 975 2460 taliter
1006 2435 1126 2475 ergo:

217 2487 347 2535 „Num
377 2492 417 2528 te
448 2489 634 2540 reginam
663 2491 823 2530 constat
851 2492 943 2543 post
971 2491 1073 2531 haec
1103 2491 1191 2532 sore
1221 2496 1413 2539 nostram,

219 2556 338 2605 „Jam
368 2559 547 2598 texenda
577 2559 649 2599 tibi
679 2559 773 2612 quia
802 2571 984 2614 purpura
1014 2560 1193 2601 creditur
1223 2562 1304 2609 uni,

139 2712 188 2739 478
222 2722 251 2737 te
272 2717 476 2748 genuisse.
501 2716 549 2743 M..
577 2725 606 2744 *e
632 2720 901 2754 progenuinze,
925 2719 954 2745 C.
975 2727 1004 2744 ιι.
1030 2719 1080 2749 S.,·
1104 2719 1133 2746 P.
1156 2721 1275 2753 erganzt
1294 2718 1379 2749 jam.
