1702 2939
627 230 942 273 —263—

647 348 682 387 D
695 348 736 387 is
750 347 830 400 cip
845 348 896 387 ul
908 349 932 387 i.

103 418 211 465 Quid
241 419 377 457 actum
409 420 473 457 est
503 417 553 456 de
586 416 741 456 Thaide
753 418 772 456 Ρ

614 485 647 525 P
658 498 681 524 a
692 499 717 538 p
730 485 757 524 h
768 499 795 524 n
806 499 832 524 u
845 487 860 524 t
871 485 884 524 i
894 498 921 524 u
931 498 962 524 s.

101 556 229 597 Juxta
258 568 394 595 meum
422 554 544 594 velle.

642 611 678 651 D
690 611 731 650 is
743 611 824 664 cip
837 610 923 650 uli.

99 670 180 713 Ubi
209 670 423 710 moratur?

615 726 647 766 P
659 738 682 764 a
693 740 717 779 p
730 726 756 764 h
768 740 794 764 n
803 739 829 764 u
842 725 918 765 tiu
931 739 961 764 s.

99 796 149 836 In
181 796 334 848 exigua
365 795 514 835 cellula
545 795 670 834 deflet
701 795 763 834 sui
794 794 1018 834 commissa.

646 863 682 902 D
696 863 738 902 is
750 863 828 916 cip
841 863 925 903 uli.

99 932 209 973 Laus
239 933 292 973 sit
322 945 502 972 summae
534 932 735 972 Trinitati.

611 1001 643 1040 P
657 1014 679 1040 a
692 1016 716 1055 p
728 1002 754 1040 h
766 1015 793 1040 ιι
805 1015 832 1040 ιι
843 1003 860 1041 t
871 1002 920 1040 iu
932 1014 962 1040 s.

98 1070 153 1110 Et
195 1070 458 1110 benedictum
509 1083 658 1110 nomen
713 1071 803 1123 ejus
858 1069 1117 1109 tremendum
1161 1081 1270 1108 nuno
1315 1070 1357 1107 et
1399 1079 1474 1121 per

99 1152 258 1179 aevum.

646 1196 934 1249 Discipuli.

98 1254 242 1295 Amen.

617 1369 963 1422 Paphnutius.

98 1439 220 1487 Ecce,
251 1441 337 1479 tres
367 1437 648 1490 mansurni⁷⁴²)
679 1438 957 1491 poenitentiae
988 1435 1156 1476 Thaidis
1187 1434 1402 1482 transiere,
1433 1436 1478 1475 et

101 1522 179 1560 ego
210 1508 366 1559 ignoro,
399 1510 590 1546 utrumne
607 1507 694 1546 Deo
726 1507 992 1559 acceptabilis
1024 1506 1076 1545 sit
1107 1505 1196 1558 ejus
1219 1504 1475 1557 conpunctio.

102 1576 278 1628 Surgam
309 1579 350 1615 et
379 1577 527 1616 vadam
558 1577 609 1615 ad
641 1577 811 1615 fratrem
840 1589 977 1614 meum
1006 1574 1240 1622 Antonium,
1274 1587 1352 1626 quo
1378 1573 1476 1612 mihi

100 1645 386 1685 manifestetur
418 1659 492 1698 per
525 1646 613 1698 ejus
644 1645 934 1684 interventum.

647 1806 685 1845 A
698 1819 722 1844 n
736 1810 751 1844 t
764 1819 784 1845 o
795 1819 820 1843 n
832 1805 845 1844 i
857 1819 883 1843 u
897 1818 927 1844 s.

102 1876 211 1921 Quid
241 1876 476 1928 insperatae
514 1874 779 1927 jocunditatis
823 1873 1002 1913 accidit?
1049 1872 1157 1918 Quid
1199 1871 1297 1912 novi
1337 1870 1478 1923 gaudii

102 1945 199 1984 mihi
231 1945 400 1996 contigit
413 1946 432 1984 Ρ
484 1944 593 1984 Num
634 1944 699 1983 hic
731 1946 794 1982 est
824 1943 953 1982 frater
985 1944 1026 1982 et
1066 1940 1333 1981 coeremicola
1362 1953 1478 1980 meus

101 2014 357 2067 Paphnutius
371 2015 390 2053 ἶ)
421 2013 518 2066 Ipse
550 2016 623 2052 est.

620 2081 652 2120 P
665 2093 688 2119 a
700 2095 724 2134 p
738 2081 764 2120 h
776 2095 801 2119 n
811 2094 836 2120 u
849 2081 888 2120 ti
900 2095 926 2120 u
937 2093 967 2119 s,

90 2142 92 2144 ’
104 2139 202 2179 Sum
234 2139 394 2179 etenim.

653 2195 692 2234 A
702 2209 729 2234 n
741 2197 757 2234 t
769 2209 789 2234 o
800 2209 826 2233 ιι
837 2195 885 2234 iu
899 2208 928 2234 s.

104 2267 230 2316 Bene,
262 2266 404 2312 frater,
436 2264 597 2312 venisti,
628 2265 734 2303 bene
765 2277 829 2302 me
861 2261 1120 2302 adveniendo
1151 2259 1393 2300 laetificasti.

614 2332 967 2385 Paphnutius.

104 2404 219 2443 Haut
248 2403 381 2441 mjnus
414 2401 589 2455 tripudio
622 2403 680 2441 tui
709 2402 813 2449 visu,
846 2413 966 2453 quam
996 2403 1041 2440 tu
1070 2399 1150 2439 mei
1181 2400 1373 2439 adventu.

652 2471 930 2510 Antonius.

107 2529 224 2575 Quae
254 2529 356 2567 haec
388 2540 510 2567 causa
542 2531 625 2567 tam
655 2528 928 2580 acceptabilis,
960 2529 1043 2567 tam
1074 2527 1193 2579 grata
1214 2524 1342 2573 nobis,
1375 2536 1479 2577 quae

106 2601 148 2638 te
179 2599 258 2637 huc
290 2597 408 2637 duxit
438 2597 488 2636 de
520 2597 599 2636 tuis
630 2597 842 2636 latibulis?

143 2710 189 2745 74)
209 2710 423 2745 mensurni⁷
446 2708 507 2745 Mg.
