1702 2939
773 248 1056 293 -28-..

353 365 610 412 Quaerentes
641 366 782 405 urbem
812 366 1004 405 famosam
1035 364 1207 416 denique
1239 363 1386 412 Salem,

353 434 520 473 Necnon
551 433 768 481 Herodem,
800 435 999 474 constanti
1030 439 1194 487 pectore
1226 445 1366 484 regem

356 503 582 542 sollicitant
612 503 722 555 regis
752 503 801 542 de
834 503 1044 542 nativitate
1076 503 1262 549 recentis,

241 568 333 609 640.
352 571 405 610 Se
437 571 588 610 vidisse
617 584 774 619 novam,
808 574 952 619 santes,
983 571 1214 623 nuperrime
1245 570 1417 618 stellam,

352 639 467 685 Quae
499 653 639 691 regem
668 645 805 680 natum
836 641 1135 679 domonstraret
1165 639 1423 680 Judaeorum.

409 707 485 746 His
517 722 591 748 rex
621 710 819 753 turbatus.
852 713 1010 748 secreta
1041 714 1176 748 niente
1206 709 1412 762 profanus,

355 776 506 816 Accitis
537 777 653 816 citius
686 778 828 817 scribis
860 778 1015 818 audivit
1044 779 1093 816 ab
1125 777 1215 825 illis,

350 844 471 884 Certe
501 845 683 885 Bethleis
715 847 825 885 nasci
857 847 962 898 quod
995 846 1178 886 Christus
1209 846 1249 885 in
1281 846 1361 885 oris

241 911 333 952 645.
352 913 478 952 Juxta
509 920 744 954 cunctorum
776 916 944 954 deberet
974 915 1151 954 carmina
1182 919 1332 954 vatum.

357 982 520 1021 Scilicet
542 990 662 1034 atque
694 983 822 1034 magis
847 983 970 1035 jussit
1001 997 1091 1022 cum
1123 983 1266 1022 fraude
1296 983 1488 1031 remissis,

351 1049 404 1091 Ut
425 1064 594 1102 puerum
616 1057 813 1102 quaerant
834 1058 982 1098 natum,
1009 1052 1166 1091 sibimet
1185 1065 1344 1104 quoque
1363 1053 1599 1100 monstrent,

359 1120 490 1163 Quem
521 1119 630 1171 cupit
660 1120 797 1166 occidi,
829 1120 1036 1168 simulans,
1067 1135 1110 1159 se
1140 1121 1249 1160 velle
1279 1119 1448 1173 precari.

353 1187 445 1233 Qui,
475 1192 724 1226 monstrante
755 1188 860 1227 viam
891 1189 1020 1236 stella,
1052 1192 1230 1242 pergunt
1259 1189 1348 1236 cito,
1379 1190 1545 1237 rectam,

242 1252 335 1294 650.
353 1255 515 1294 Intrant
554 1260 595 1295 et
635 1257 751 1308 pueri
781 1257 936 1308 regalia
966 1262 1074 1297 tecta
1104 1257 1254 1305 tenelli,

354 1323 467 1362 Haut
496 1325 608 1364 vario
641 1329 750 1364 certe
783 1325 971 1377 digestim
1002 1326 1109 1378 picta
1138 1326 1283 1375 colore,

355 1391 509 1431 Sideris
538 1393 727 1445 obsequio
759 1395 859 1433 tanti
891 1395 964 1434 sed
996 1395 1073 1434 rite
1104 1394 1238 1447 polita.

351 1460 472 1499 Proni
503 1462 688 1513 vestigiis
720 1463 893 1513 figentes
925 1463 1064 1503 oscula
1094 1463 1232 1515 prolis,

353 1528 527 1568 Orantes
558 1530 746 1582 preculis,
778 1531 916 1570 humili
948 1545 1106 1584 quoque
1136 1544 1236 1570 voce
1266 1530 1456 1584 profusis,

240 1594 333 1636 655.
352 1597 474 1637 Trino
506 1599 724 1637 coelestem
755 1604 1004 1639 venerantur
1035 1613 1202 1639 munere
1233 1612 1387 1651 regem,

354 1665 474 1705 Hunc
506 1667 785 1719 hominemque
815 1668 946 1707 Deum
976 1669 1242 1720 designantes
1272 1668 1521 1715 moriturum.

355 1735 435 1780 Qui
465 1748 571 1782 mox,
602 1736 641 1774 in
673 1737 821 1775 somnis
852 1737 989 1776 moniti
1021 1738 1094 1776 sub
1125 1740 1306 1789 tempore
1338 1735 1481 1783 noctis,

350 1804 414 1842 Ad
446 1804 616 1856 patriam
648 1805 743 1844 laeti
774 1805 959 1853 redeunt,
991 1819 1064 1858 per
1095 1805 1217 1844 devia
1248 1805 1368 1845 ducti.

407 1871 482 1911 His
513 1873 569 1911 ita
601 1873 781 1924 digestis,
813 1872 1012 1921 Herodes,
1044 1874 1243 1927 pessimus
1274 1873 1412 1921 hostis,

237 1937 329 1979 660.
346 1940 522 1991 Augusti
548 1942 665 1992 jussu
698 1940 866 1979 Romam
898 1942 1110 1982 deducitur
1141 1955 1252 1994 ergo,

352 2007 441 2053 Quo
471 2009 538 2047 vel
569 2012 776 2061 purgaret,
810 2010 878 2049 lex
909 2013 952 2049 ut
983 2023 1147 2050 romana
1177 2010 1354 2058 doceret,

353 2076 539 2115 Criminis
569 2077 744 2130 inposita
775 2078 825 2117 de
858 2079 993 2131 magni
1024 2091 1068 2118 se
1099 2079 1176 2118 cito
1208 2079 1338 2132 culpa,

355 2145 431 2184 Vel
465 2145 606 2198 capitis
637 2158 808 2198 poenam
832 2147 943 2199 juste
974 2152 1184 2200 pateretur
1214 2159 1412 2197 amaram3

350 2213 535 2265 Namque
566 2227 661 2252 reus
692 2215 914 2267 majestatis
946 2216 1102 2255 dicetur
1133 2216 1270 2255 herilis

239 2279 332 2320 665.
350 2281 403 2320 Et
433 2282 574 2321 merito
606 2283 727 2321 talem
759 2284 910 2335 patitur
935 2285 1019 2336 jam
1050 2285 1331 2338 suspicionem,

356 2352 436 2397 Qui
467 2350 580 2403 eupit
609 2350 775 2399 insidiis,
807 2352 972 2406 vulpino
1004 2353 1126 2392 corde
1156 2354 1322 2405 paratis,

355 2419 517 2459 Prolem
547 2419 735 2458 coelestis
767 2420 944 2460 divinam
974 2421 1148 2474 perdere
1179 2421 1301 2473 regis,

354 2488 445 2528 Hoc
475 2501 568 2527 nam
599 2489 734 2529 divino
765 2493 864 2529 nutu
895 2490 1045 2529 factum
1076 2490 1162 2529 fore
1193 2489 1326 2538 eredo,

278 2715 337 2744 637.
362 2715 507 2750 Salam,
534 2723 640 2752 unqua,
664 2716 703 2744 M.
749 2716 809 2743 64³⁴.
842 2717 868 2743 in
890 2716 1012 2750 horis,
1035 2715 1071 2742 Μ.
1109 2715 1168 2743 660.
1186 2715 1329 2750 junio,
1352 2723 1464 2752 nuptu,
1484 2714 1523 2744 M.
