1702 2939
796 229 1109 272 —290—

887 346 914 386 S
964 359 1028 386 es.

270 413 451 467 Vulpina
481 413 625 454 fraude
654 414 834 467 loqueris
866 418 907 455 ct
926 360 1145 468 {versipelli
1161 415 1321 466 astutia,
1351 415 1630 468 Antioche,⁴³)

270 484 461 523 adularis.

804 540 841 579 A
854 554 879 579 n
894 541 964 581 tio
977 541 1035 580 ch
1046 554 1073 580 u
1085 555 1115 580 s.

271 609 462 659 Quiesce,
493 609 649 658 infelix,
679 609 908 649 verbositas
940 613 1011 649 tua
1039 623 1148 649 nunc
1177 613 1241 650 est
1270 610 1458 651 finienda.

882 677 1023 732 Spes

269 746 383 796 Non,
413 750 461 787 ut
490 759 654 800 speras,
695 747 903 796 evenerit,
935 748 1008 787 sed
1039 748 1111 788 tibi
1140 749 1292 801 tuoque
1323 748 1498 802 principi
1525 761 1634 788 nunc

271 817 393 856 etiam
424 817 605 856 confusio
637 816 778 856 aderit.

797 884 1116 924 Hadrianus

272 953 380 999 Quid
411 956 540 993 sentio
571 965 703 993 novae
734 953 992 993 dulcedinis?
1023 953 1133 999 Quid
1165 954 1311 994 odoror
1326 953 1385 1006 ⁴⁴)
1407 954 1633 1008 stupendae

270 1023 483 1062 suavitatis
495 1023 515 1062 Ρ

884 1078 1024 1131 Spes

270 1148 512 1187 Decidontia
543 1146 750 1198 frustm-³»)
779 1147 858 1186 mei
888 1147 1057 1187 lacerati
1087 1147 1267 1200 corporis
1313 1148 1411 1189 dant
1449 1149 1635 1201 fragran-

270 1217 459 1270 tiam452)
490 1217 734 1270 paradisiaci
765 1216 977 1264 aromatis,
1019 1229 1097 1268 quo
1128 1216 1271 1256 nolens
1303 1217 1462 1269 cogeris
1503 1217 1635 1266 fateri,

270 1300 335 1325 me
365 1299 446 1326 non
476 1299 596 1339 posse
628 1285 834 1339 suppliciis
865 1285 983 1324 laedi.

791 1353 1114 1392 Hadrianus.

271 1424 483 1472 Antioche,
515 1423 612 1476 quid
642 1422 749 1462 enim
778 1422 875 1461 mihi
907 1424 970 1461 cst
999 1422 1235 1473 agendum?

802 1491 1110 1530 Antiochus,

270 1561 401 1603 Novis
433 1561 679 1601 cruciatibus
708 1559 1034 1600 incumbendum.

797 1627 1112 1667 Hadrianus.

271 1698 458 1738 Aeneum
495 1711 592 1748 vas,
631 1699 797 1752 plenum
837 1687 930 1736 oleo‘
967 1700 1008 1735 ct
1047 1696 1190 1749 adipe,
1237 1707 1332 1735 cera
1370 1698 1494 1749 atque
1532 1696 1634 1750 pice,

272 1768 435 1819 ignibus
467 1770 778 1821 superponatur,
810 1766 848 1804 in
881 1765 986 1817 quod
1018 1765 1146 1815 ligata
1176 1764 1408 1817 proiciatur.

799 1833 1108 1874 Antiochus

274 1904 316 1944 Si
345 1905 385 1943 in
412 1906 480 1957 jus
511 1904 687 1943 Vulcani
717 1904 915 1950 tradetur,
947 1902 1117 1941 forsitan
1148 1901 1348 1940 evadendi
1378 1901 1530 1940 aditum
1554 1913 1635 1941 non

271 1972 543 2012 nanciscetur.
558 1972 612 2023 ⁴⁶)

888 2028 913 2065 S
929 2041 952 2079 1»
967 2041 987 2064 c
1000 2040 1031 2073 s,

273 2097 388 2136 llaec
427 2098 559 2137 virtus
601 2096 760 2136 Christo
800 2109 879 2135 non
922 2103 985 2135 cst
1023 2094 1204 2142 insolita,
1251 2097 1297 2134 ut
1335 2094 1473 2147 ignem
1512 2094 1636 2134 saciat

273 2167 499 2214 mitescere,
530 2171 686 2205 mutata
715 2168 873 2204 natura.

794 2231 1110 2272 Hadrianus.

275 2301 384 2347 Quid
414 2302 545 2350 audio,
577 2301 789 2350 Antiocho,
820 2301 935 2339 velut
964 2300 1140 2339 sonitum
1168 2299 1402 2339 inundantis
1433 2299 1595 2351 aquae?

802 2368 1112 2409 Antiochus.

272 2425 380 2475 Heu,
412 2426 504 2475 heu,
536 2426 714 2467 domine!

793 2482 834 2522 H
847 2495 868 2522 a
883 2483 961 2522 dri
974 2495 996 2521 a
1009 2496 1034 2521 n
1047 2495 1072 2521 u
1082 2494 1113 2520 s.

274 2539 383 2585 Quid
414 2540 583 2591 contigit
611 2540 725 2580 nobis
737 2541 757 2580 Ρ

306 2651 356 2687 43)
375 2651 573 2685 Antiochi,
597 2651 628 2679 C.
648 2660 678 2679 u.
703 2651 733 2677 S.
777 2651 828 2686 44)
847 2650 986 2684 odoro,
1007 2649 1039 2677 C.
1059 2657 1089 2677 u.
1110 2648 1141 2675 S.
1176 2647 1226 2683 45)
1248 2647 1411 2683 frustra,
1430 2647 1475 2684 1².,
1495 2647 1527 2677 C.
1547 2655 1578 2677 u.
1599 2646 1632 2677 S.

375 2698 452 2734 ⁴5⁸)
474 2698 742 2733 flagrantiam,
762 2697 802 2724 M.
840 2697 889 2732 46)
909 2697 1197 2730 nansciscetur,
1217 2694 1257 2722 M.
1277 2702 1307 2722 u.
1327 2693 1361 2722 P.
