1702 2939
607 212 928 256 —183—

79 333 200 372 dutus
232 333 397 384 totoque
438 343 608 384 corpore
649 331 792 370 videor
833 331 999 380 nitidus,
1033 333 1074 371 et
1112 331 1355 384 quicumque
1385 346 1450 372 me

79 401 231 454 aspicit,
262 401 378 440 velut
409 400 602 440 horribile
633 402 860 439 monstrum
899 400 1076 439 fastidit!
1136 400 1203 440 Ad
1234 402 1452 454 conjugem

78 473 276 518 revertar,
310 483 388 521 quo
422 471 471 508 ab
502 469 584 517 illa,
617 469 714 521 quid
755 481 856 521 erga
887 482 950 507 me
982 471 1118 508 actum
1149 469 1211 518 sit,
1244 471 1449 522 experiar.

76 538 151 587 En,
184 538 325 578 solutis
367 538 545 578 crinibus
591 538 815 590 egreditur,
857 537 1068 590 omnisque
1100 538 1242 578 domus
1272 539 1450 578 lacrimis

75 608 340 661 prosequitur
355 610 363 647 ἒ

650 697 816 738 Con‘u
829 713 868 737 x.

75 756 181 805 Heu,
214 757 317 796 heu!
349 756 402 795 mi
433 756 568 795 senior
584 756 745 805 Dulciti,
760 714 875 809 JqUid
905 756 1091 809 pateris?
1121 757 1214 799 Non
1247 772 1291 798 es
1324 771 1449 799 sanae

74 826 255 866 mentis?
301 826 455 866 Factus
488 839 532 864 es
563 826 603 865 in
635 825 815 865 derisum
847 826 1119 867 christicolis?

614 906 861 945 Dulcitiu
873 920 902 945 s.

76 964 196 1004 Nune
226 964 391 1004 tandem
422 964 564 1013 sentio,
592 977 656 1002 me
686 964 851 1003 illusum
881 964 1043 1003 illarum
1073 963 1294 1004 maleficiis.

654 1031 821 1072 Con'u
832 1048 873 1072 x.

73 1092 164 1131 Hoc
193 1105 257 1130 me
290 1092 559 1131 vehementer
591 1049 785 1139 confudit-1
818 1092 895 1131 hoc
924 1090 1146 1144 praecipue
1178 1091 1449 1142 contristavit,

75 1161 193 1213 quod,
227 1161 323 1213 quid
354 1161 588 1214 patiebariS,
619 1160 830 1211 ignorasti.

612 1229 858 1268 Dulcitiu
870 1242 900 1268 s.

73 1287 237 1336 Mando,
269 1293 314 1327 ut
343 1287 524 1327 lascivae
569 1289 887 1339 praesententur
927 1287 1111 1339 puellae,
1152 1288 1193 1327 et
1233 1288 1450 1328 abstractis

76 1357 262 1396 vestibus
292 1356 453 1409 publice
485 1356 757 1404 denudentur,
789 1369 869 1407 quo
898 1368 1022 1395 versa
1047 1356 1150 1406 vice,
1183 1357 1280 1409 quid
1309 1360 1451 1397 nostra

74 1426 235 1479 possint
264 1426 451 1475 ludibria,
484 1425 762 1478 experiantur.

651 1528 869 1568 Milites.

73 1587 248 1627 Frustra
279 1587 485 1634 sudamus,
516 1586 557 1625 in
587 1599 740 1624 vanum
770 1586 1012 1625 laboramus.
1050 1585 1172 1635 Ecce,
1202 1588 1451 1628 vestimenta

74 1656 275 1707 virgineis
308 1655 544 1708 corporibus
576 1655 794 1693 inhaerent
823 1655 940 1694 velut
982 1656 1102 1694 coria.
1164 1655 1246 1695 Sed
1277 1659 1318 1696 et
1348 1658 1449 1710 ipse,

77 1726 234 1777 quinos
266 1725 317 1763 ad
350 1724 662 1777 exspoliandum
692 1724 879 1774 urgebat,
901 1736 1082 1776 praeses,
1101 1725 1238 1764 stertit
1268 1726 1449 1766 sedendo

77 1808 154 1833 nec
184 1795 391 1833 ullatenus
424 1793 597 1832 excitari
626 1794 761 1845 potest
794 1804 817 1831 a
849 1806 999 1832 somno.
1059 1792 1126 1832 Ad
1161 1794 1451 1847 imperatorem

76 1864 270 1902 adeamus
301 1863 459 1916 ipsique
490 1864 640 1911 rer'um,
673 1874 778 1914 quae
811 1864 1024 1913 geruntur,
1055 1864 1328 1916 propalemus.

585 1965 954 2005 Diocletanus.

76 2024 198 2064 Dolet
213 2024 266 2076 2³)
297 2023 476 2071 nimium,
518 2024 625 2075 quod
663 2024 895 2076 praesidem
934 2024 1159 2064 Dulcitium
1198 2025 1318 2064 audio
1351 2025 1452 2066 adeo

76 2094 251 2141 illusum,
285 2093 386 2131 adco
420 2094 725 2144 exprobratum,
766 2093 868 2132 adeo
911 2093 1211 2133 calumniatum.
1273 2094 1367 2141 Sed,
1398 2108 1452 2133 ne

76 2163 181 2202 viles
211 2162 477 2201 mulierculae
513 2161 683 2212 jactant,
699 2161 752 2213 24)
795 2175 839 2200 se
870 2162 1035 2214 impune
1065 2163 1218 2201 nostris
1249 2163 1325 2201 diis
1357 2163 1452 2202 deo-

78 2244 249 2283 rumque
296 2230 519 2269 cultoribus
564 2230 751 2278 illudere,
792 2230 1012 2270 Sisinnium
1053 2231 1239 2271 comitem
1280 2232 1454 2284 dirigam

79 2301 131 2341 ad
161 2301 357 2340 ultionem
389 2299 675 2338 exercendam.

619 2401 905 2441 Sisinnius.

81 2462 114 2502 O
144 2461 306 2509 milites,
338 2461 407 2499 ubi
423 2462 517 2499 sunt
532 2459 724 2507 lascivae,
744 2472 847 2511 quae
864 2460 1047 2513 torqueri
1065 2460 1227 2511 debent,
1255 2462 1451 2515 puellae?

652 2528 696 2567 M
708 2529 720 2567 i
733 2529 745 2567 l
758 2529 771 2568 i
783 2534 798 2568 t
812 2543 833 2568 e
846 2543 876 2568 s.

81 2588 335 2640 Affliguntur
366 2587 406 2626 in
439 2599 618 2626 carcere.

117 2701 167 2735 23)
188 2701 314 2735 doleo,
337 2700 365 2730 C,
390 2708 417 2728 u,
439 2697 471 2725 S.
489 2698 581 2735 vei-gl.
604 2698 693 2733 Papll,
731 2698 780 2736 ¹14)
800 2699 965 2736 jactent,
985 2701 1026 2737 C„
1057 2701 1086 2729 S,
1108 2710 1136 2730 ιι,
1163 2701 1241 2736 Mg.;
1263 2710 1286 2727 s.
1307 2701 1384 2727 ΕἰιιΙ.
