1702 2939
597 231 915 275 ——289-—

65 404 98 445 O
180 405 186 412 ²
296 408 303 434 v
594 350 902 390 Antiochus,

129 408 303 446 umnam·
584 465 903 504 Hadrianus.

64 530 97 570 O
127 531 314 580 lictores,
358 533 465 572 adit-e
499 536 539 572 et
570 534 675 573 hanc
705 535 903 574 rebellem
944 547 1074 587 usque
1115 535 1167 574 ad
1203 534 1436 575 internicio-

63 612 156 639 nem
168 600 223 653 41)
254 602 389 641 crudis
420 604 560 642 nervis
592 604 760 643 caedite.

590 685 903 724 Antiochus.

61 751 202 800 Decet,
233 756 279 791 ut
309 753 574 792 severitatem
604 754 756 793 sentiat
786 754 846 793 tui
876 754 1043 803 furoris,
1089 754 1184 806 quia
1222 754 1436 793 lenitatem

61 820 324 873 parvipendit
353 822 528 874 pietatis.

679 879 820 932 Spes

61 947 180 987 Hanc
212 948 408 1001 pietatem
439 951 601 1002 exopto,
633 948 738 988 hanc
768 949 982 988 lenitatem
1012 948 1212 988 desidero.

598 1030 909 1069 Antiochus.

62 1097 96 1138 O
130 1097 349 1151 Sapientia,
382 1099 478 1150 quid
508 1099 799 1139 murmurando
830 1100 1031 1151 loqueris,
1064 1101 1176 1139 stans
1209 1098 1435 1139 sublevatis

63 1168 191 1207 oculis
218 1169 341 1220 juxta
374 1169 551 1208 cadaver
584 1169 791 1208 extinctae
822 1169 980 1221 prolis?

601 1238 894 1290 Sapientia.

59 1305 212 1346 Invoco
245 1306 598 1359 Omniparentcm,
642 1321 719 1359 quo
760 1307 933 1346 eandem
963 1306 1206 1346 tolerantiae
1236 1319 1433 1359 perseve-

57 1376 241 1425 rantiam,
274 1389 394 1428 quam
424 1377 630 1429 praestitit
659 1376 788 1422 Fidei,
820 1378 1005 1429 praestet
1038 1378 1079 1415 et
1111 1375 1217 1429 Spei.

682 1444 825 1497 Spes

58 1512 91 1553 Ο
123 1515 266 1562 mater,
297 1515 440 1562 mater,
473 1527 593 1565 quam
626 1514 829 1562 efficaces,
862 1527 982 1566 quam
1013 1513 1269 1553 exaudibiles
1306 1525 1432 1565 expe-

57 1583 139 1621 rior
180 1596 271 1621 esse
312 1583 371 1621 tui
408 1585 574 1635 preces!
620 1582 750 1631 Ecce,
792 1585 832 1622 te
873 1586 1037 1631 orante,
1078 1582 1215 1621 anheli
1254 1584 1432 1621 tortores

57 1651 205 1690 levatis
238 1652 396 1691 dextris
427 1652 576 1691 librant
606 1652 751 1700 ictum,
784 1655 825 1691 ct
856 1666 932 1704 ego
964 1652 1121 1690 nullum
1159 1650 1310 1690 doloris
1340 1663 1432 1688 sen-

55 1719 111 1759 tio
143 1722 307 1759 tactum.

579 1778 899 1818 Hadrianus.

57 1844 101 1885 Si
131 1846 265 1898 flagra
295 1847 571 1900 parvipendis,
604 1847 829 1887 acrioribus
860 1847 1002 1901 poenis
1033 1844 1295 1886 coartaberis.

675 1915 820 1969 Spes

56 1983 191 2032 Infer,
223 1986 351 2035 infer,
383 1985 576 2038 quicquid
607 1986 792 2035 crudele,
826 1984 1019 2038 quicquid
1049 1983 1262 2035 excogites
1291 1981 1431 2022 letale.

57 2053 220 2098 Quanto
251 2055 344 2108 plus
376 2055 523 2104 saevis,
554 2058 667 2094 tanto
697 2055 829 2106 magis
859 2054 993 2094 victus
1028 2052 1304 2093 confunderis.

585 2122 909 2162 Hadria‘nus.

58 2191 109 2230 In
153 2194 250 2231 a‘e'ra
290 2193 566 2245 suspendatur
607 2194 649 2231 et
687 2192 853 2244 ungulis
893 2192 1120 2239 laceretur,
1163 2189 1429 2242 quoadusque

57 2261 210 2300 evulsis
241 2262 467 2301 visceribus
499 2264 540 2301 et
567 2262 731 2301 nudatis
764 2261 922 2301 ossibus
953 2260 1117 2300 deficiat
1131 2258 1186 2312 4²)
1225 2261 1268 2298 et
1305 2271 1429 2297 mem-

54 2330 203 2369 bratim
233 2333 385 2384 crepat.

586 2387 625 2428 A
635 2401 662 2427 n
673 2388 711 2427 ti
725 2402 745 2427 0
759 2401 779 2427 c
792 2388 818 2426 h
827 2401 854 2426 u
866 2401 896 2426 s.

54 2455 286 2510 Imperialis
313 2457 441 2510 jussio
474 2458 515 2497 et
546 2469 729 2509 congrua
759 2457 858 2496 satis
888 2456 999 2497 ultio.

90 2611 141 2649 41)
161 2614 369 2649 internice,
389 2615 458 2647 (mit
479 2614 654 2642 Circumflex
673 2614 727 2641 auf
743 2616 775 2649 e]
794 2613 836 2642 M.
859 2612 1011 2640 vielleicht
1033 2612 1125 2639 auch:
1153 2611 1426 2645 interneciemg

156 2661 481 2696 internecionem,
504 2661 545 2696 C.,
567 2660 598 2690 S.
617 2671 646 2689 u.
668 2661 747 2697 Mg.;
780 2661 1018 2695 internicio,
1040 2669 1065 2688 s.
1085 2659 1131 2686 Du
1155 2658 1262 2693 Gange.
1299 2657 1348 2693 42)
1374 2656 1427 2683 de-

157 2707 285 2742 siciet,
308 2707 339 2736 C.
359 2716 387 2734 u.
408 2707 438 2734 S.

1099 2740 1152 2783 19
