1702 2939
783 225 1096 268 -292-

791 340 1085 394 Sapientia.

260 403 521 457 Consortare,
552 407 655 458 filia,
686 422 903 462 percussor
933 410 1091 450 invadit
1120 424 1193 451 nos
1223 411 1441 464 evaginato
1470 411 1620 464 gladio.

875 479 1019 531 Spes.

257 542 407 583 Libens
439 545 597 598 excipio
629 547 819 598 gladium.
880 547 962 595 Tu,
1003 547 1180 596 Christe,
1220 549 1380 602 suscipe
1420 549 1619 602 spiritum,

259 624 333 665 pro
364 613 423 652 tui
455 615 708 655 consessione
740 616 910 655 nominis
929 618 1102 669 ejectum
1119 617 1169 656 de
1187 617 1414 657 habitaculo
1432 617 1622 671 corporis

796 684 1090 738 Sapientia.

261 748 295 790 Ο
328 748 499 800 Caritas,
530 753 690 792 soboles
719 753 884 806 inclyta,
916 768 1009 806 spes
1040 753 1146 793 uteri
1176 754 1256 793 mei
1285 753 1415 802 unica,
1446 766 1498 793 ne
1529 766 1622 793 con-

261 819 400 858 tristes
441 824 612 860 matrem
653 822 816 869 bonam,
864 822 921 861 tui
966 822 1198 862 certaminis
1243 823 1627 862 consummationem

262 892 560 941 expectantem,
601 890 674 928 sed
715 904 864 943 sperne
901 903 1097 944 praesens
1138 891 1258 940 utile,
1301 905 1378 944 quo
1409 891 1626 944 pervenias

262 958 314 996 ad
344 958 537 1009 gaudium
566 959 877 1008 interminabile,
917 973 994 1012 quo
1032 959 1091 999 tui
1121 972 1341 1012 germanae
1371 960 1535 1012 fulgent
1563 971 1627 998 co-

261 1027 372 1066 ronis
401 1028 581 1067 illibatae
611 1028 868 1080 virginitatis.

841 1096 1060 1136 Caritas.

263 1165 381 1206 Fulei
410 1179 486 1213 me,
515 1168 656 1215 mater,
688 1166 877 1218 precibus
909 1165 1047 1213 sacri&
1089 1164 1278 1216 quatinus
1309 1176 1470 1203 merear
1499 1163 1625 1204 inter-

265 1249 357 1274 esse
387 1235 551 1275 illarum
565 1234 620 1288 ⁴⁹)
651 1235 821 1288 gaudiis.

801 1302 1092 1356 Sapientia.

263 1371 402 1413 Exoro
433 1375 473 1412 te
505 1373 720 1422 finetenus,
747 1372 788 1412 in
819 1372 898 1411 fide
929 1372 1146 1410 solidatum
1176 1370 1237 1419 iri,
1270 1382 1347 1409 nee
1377 1369 1527 1418 dubito,
1557 1368 1631 1409 tibi

264 1455 448 1494 perenne
478 1442 701 1495 tripudium
732 1442 927 1481 donatum
955 1440 1015 1478 iri.

787 1509 1111 1548 Hadrianus.

267 1576 438 1628 Caritas,
477 1582 685 1619 saturatus
725 1577 917 1619 conviciis
954 1577 1014 1616 tui
1043 1588 1227 1615 sororum
1256 1574 1502 1627 nimiumque
1533 1586 1630 1614 exa-

268 1649 458 1688 cerbatus
489 1661 578 1687 sum
605 1648 766 1702 prolixa
793 1646 950 1686 ratione
967 1645 1020 1697 ⁵⁰)
1051 1657 1211 1694 earum3
1249 1643 1357 1682 unde
1397 1643 1466 1683 diu
1495 1645 1631 1682 tecum

265 1729 347 1756 non
378 1717 599 1764 contendo,
640 1716 715 1755 sed
753 1716 821 1755 vel
861 1716 1210 1766 obtemperantem
1249 1711 1330 1751 mei
1358 1711 1465 1751 votis
1496 1711 1633 1750 ditabo

267 1785 452 1825 omnibus
481 1785 609 1834 bonis,
640 1785 708 1824 vel
740 1784 1105 1824 contraluctantem
1135 1780 1310 1820 afficiam
1338 1779 1467 1819 malis.

839 1850 1064 1891 Caritas.

265 1921 426 1962 Bonum
455 1922 699 1962 cordetenus
730 1921 952 1973 amplector
983 1922 1026 1958 et
1053 1918 1203 1957 malum
1241 1915 1399 1957 omnino
1440 1914 1633 1954 detestor.

777 1988 1094 2028 Hadrianus.

266 2058 357 2099 Hoc
386 2060 457 2099 tibi
486 2059 740 2112 potissimum
770 2058 934 2097 salubre
965 2055 1143 2107 mihique
1185 2055 1249 2093 est
1277 2052 1489 2106 placabile,
1523 2051 1633 2091 ideo·

268 2142 346 2181 que
377 2129 471 2168 leve
503 2128 693 2181 quiddam
722 2127 795 2167 tibi
824 2137 1031 2179 praepono
1062 2135 1178 2162 meae
1207 2121 1371 2176 pietatis
1402 2121 1546 2174 gratia.

843 2193 1069 2234 Caritas.

268 2253 409 2300 Quid?

787 2307 1109 2348 Hadrianus.

267 2379 343 2420 Dic
372 2381 551 2419 tantum:
581 2377 775 2430 Magna
803 2377 985 2416 Diana!
1017 2380 1059 2414 et
1088 2387 1165 2426 ego
1194 2372 1304 2413 ultra
1333 2371 1386 2411 ad
1401 2370 1632 2411 sacrifican-
1694 2412 1696 2414 ,

269 2448 366 2488 dum
393 2451 435 2488 te
465 2460 547 2487 non
574 2446 782 2500 compello.

842 2512 873 2554 C
885 2513 1025 2553 arita
1037 2525 1067 2552 Β.

266 2572 463 2614 Percerte
492 2585 573 2612 non
604 2571 703 2612 dico.

302 2695 352 2732 ⁴9)
373 2696 532 2724 aliarum
561 2695 685 2732 gaudiia,
713 2694 745 2722 C.
775 2701 805 2723 u.
833 2693 866 2722 S.
899 2694 950 2729 5⁰)
977 2691 1093 2727 prolixa
1120 2689 1312 2723 oratione,
1339 2686 1372 2716 S.
