1702 2939
583 202 867 245 -19-

163 322 348 362 Tradunt
377 320 559 361 ardentis
588 321 724 362 radios
754 318 1009 374 praecellere
1039 318 1136 359 solis

51 390 145 432 350.
162 392 331 432 Necnon
361 391 581 430 humanum
609 392 772 445 penitus
804 389 1023 429 devincere
1053 389 1196 427 visum.

164 460 271 506 Quid
302 460 479 499 reseram
509 461 667 512 digitos,
701 473 869 513 operum
899 459 999 498 satis
1029 461 1117 497 arte
1148 456 1372 510 probatos?

165 529 349 582 Namque
380 542 502 568 manu
532 530 651 569 docta
680 528 854 582 perfecit
884 539 1012 581 parva
1041 527 1190 579 puella.

164 598 332 651 Nempe,
364 599 438 638 sibi
469 611 651 638 normam
680 600 864 638 statuens
895 596 1096 650 ipsissima
1126 595 1280 643 duram,

166 666 362 707 Omnibus
392 667 432 706 in
463 668 613 720 templo
643 667 811 706 vivebat
842 665 1022 705 strictius
1054 678 1152 717 ergo

53 734 146 775 355.
164 736 402 788 Virginibus
432 737 611 788 reliquis,
642 737 723 775 illic
752 735 908 789 pariter
937 734 1123 783 sociatis3

166 805 270 844 Nam
301 808 458 844 tantum
487 805 664 858 preculis
695 804 850 843 studuit
880 803 1103 857 persistere
1138 801 1265 842 sacris

166 876 336 915 Necnon
367 875 513 914 divinis
543 887 705 926 semper
737 875 972 913 constanter
1002 873 1042 911 in
1075 871 1172 911 odis.

168 945 235 984 Ex
267 958 344 996 quo
376 943 583 982 discessae
614 943 743 982 noctis
774 942 935 995 periere
964 942 1173 989 tenebrae,

169 1014 329 1053 Aurora
360 1014 581 1066 spargente
611 1013 776 1064 plagam
806 1012 940 1050 lucem
970 1024 1044 1064 per
1074 1010 1214 1057 anm,

60 1081 154 1123 360.
171 1083 305 1122 Altius
336 1096 464 1134 usquc
495 1082 631 1134 polum
661 1081 824 1120 Phoebo
856 1080 1105 1119 ascendente
1135 1091 1338 1127 serenum,

173 1152 312 1191 Tertia
338 1152 423 1204 jam
453 1151 569 1190 solito
601 1149 827 1189 devenerat
855 1150 955 1189 hora
986 1148 1082 1197 diei,

173 1221 289 1261 Tunc
319 1234 397 1259 usu
428 1219 576 1271 digitos
608 1219 742 1271 operis
774 1219 991 1258 laxaverat
1020 1219 1146 1265 albos,

179 1290 307 1329 Docte
338 1276 555 1342 purpureis
583 1288 771 1328 instando
802 1287 976 1340 denique
1008 1286 1096 1326 filis.

182 1358 264 1399 Sed
293 1371 400 1406 mox,
432 1360 477 1397 ut
505 1369 611 1396 nona
641 1357 830 1396 Phoebus
862 1356 1072 1396 descendit
1100 1355 1141 1395 in
1171 1355 1282 1403 hora,

67 1426 159 1468 3135).
178 1427 230 1468 Se
260 1428 449 1480 precibus
480 1427 597 1466 solito
627 1426 762 1465 reddit
790 1426 946 1465 famosa
974 1425 1111 1478 puella

176 1498 237 1536 Ac
267 1497 398 1536 studio
429 1496 575 1534 mentis
606 1497 710 1534 bene
740 1494 982 1547 perduravit
1010 1495 1050 1532 in
1081 1494 1174 1542 illis,

179 1565 317 1617 Usque
348 1578 423 1617 per
445 1565 674 1616 angelicum
704 1563 877 1615 sumpsit
906 1576 1022 1601 sacra
1043 1563 1172 1614 Virgo
1203 1561 1431 1600 ministrum

179 1633 298 1674 Omni
326 1646 499 1685 namque
530 1633 594 1671 die
625 1632 788 1670 missam
819 1632 894 1671 sibi
925 1632 1093 1671 coelitus
1126 1643 1283 1680 escam3

181 1702 329 1742 Escam
360 1702 569 1754 pontifices
601 1701 802 1740 dederant
832 1701 883 1739 de
913 1714 1024 1740 more
1056 1703 1255 1753 potentes.

69 1770 299 1811 370.Hanc
329 1771 460 1810 studio
491 1770 638 1809 mentis
670 1770 787 1809 citius
819 1770 1019 1809 concessit
1045 1769 1199 1821 egenis,

181 1841 365 1893 Denique
398 1841 607 1888 coelestes,
638 1839 742 1892 lapsi
773 1839 823 1878 de
854 1839 1001 1887 sidere,
1034 1839 1145 1877 cives

144 1929 146 1931 ·
181 1910 299 1949 Hanc
331 1911 473 1949 crebro
503 1910 641 1947 verbis
674 1909 986 1947 consolabantur
1017 1907 1168 1956 amicis,

183 1979 387 2032 Spernere
417 1980 656 2018 terrestrem
685 1991 763 2030 quo
794 1991 890 2017 mox
920 1976 1130 2016 didicisset
1165 1988 1345 2016 amorem

183 2047 238 2087 Et
267 2051 421 2087 castam
450 2047 541 2098 regi
570 2050 747 2086 mentem
777 2059 946 2085 servare
977 2045 1159 2099 perenni.

71 2115 165 2157 375.
183 2116 378 2168 Quisquis
409 2116 654 2168 languidolis
684 2116 866 2155 infirmus
903 2115 1079 2166 denique
1109 2114 1300 2154 membris

184 2185 304 2225 Hanc
334 2185 468 2225 saltim
496 2184 642 2237 tetigit,
674 2184 822 2238 raptim
851 2184 991 2223 salvus
1021 2183 1230 2223 remeavit.

231 2402 368 2483 cujus
401 2441 491 2467 cum
521 2428 707 2468 stabilem
736 2427 928 2467 volitaret
957 2427 1064 2467 sama
1093 2439 1167 2480 per
1198 2426 1347 2474 orbem,

194 2498 391 2537 Abiathar
420 2498 598 2550 reliquos
630 2500 776 2537 exorat
805 2509 930 2551 saepe
961 2496 1152 2536 sacerdos

113 2657 175 2686 359..
203 2657 418 2691 discussae,
439 2657 470 2684 C.
490 2666 514 2684 uv
540 2657 569 2686 S.
609 2658 669 2686 351.
688 2657 747 2690 jam
769 2657 917 2693 subito,
939 2656 969 2685 C.
994 2667 1022 2686 u.
1047 2656 1076 2685 S.
1113 2656 1174 2685 371.
1197 2654 1374 2691 ()11]”113,
1397 2651 1438 2689 0-9

204 2703 338 2738 Hujus,
362 2702 391 2731 S.
1170 2737 1236 2780 2*
