1702 2939
750 182 1067 224 -296-

777 298 1066 338 Matronae.

234 368 350 414 Quae
383 367 454 407 tibi
485 370 581 407 sunt
611 368 829 414 commoda,
861 367 1102 419 exequimur
1131 370 1268 407 mente
1299 368 1460 408 devota.

769 436 1054 489 Sapientia.

231 492 323 533 Non
355 493 506 533 dubito.

773 549 1066 590 Matronae.

230 617 311 660 Ubi
341 618 403 658 vis
435 618 592 670 eligere
622 603 756 658 loeurn
786 619 1053 671 sepulturae?

232 743 371 783 Tertio
400 744 570 783 miliario
594 745 644 783 ab
661 687 972 792 urbe,Sszili·i)iii2
985 690 1074 783 tulga
1094 744 1280 797 displicet
1304 744 1528 797 prolixitas.
1547 743 1601 797 ⁵⁹)

767 813 905 852 Matr
919 826 939 851 o
952 826 976 851 n
987 825 1010 851 a
1023 826 1055 851 e.

230 868 324 909 Non
356 869 556 923 displicet,
588 870 660 909 sed
693 870 801 910 elata
817 870 871 923 ⁶⁰)
903 871 1048 909 funera
1079 870 1195 922 sequi
1225 870 1371 922 placet.

782 1028 1070 1082 Sapientia.

231 1086 341 1126 Ecce
371 1086 497 1126 locus.

778 1143 1070 1183 Matronae.

232 1211 319 1251 Hie
349 1224 496 1264 nempe
527 1211 742 1251 servandis
771 1212 953 1264 reliquiis
985 1215 1048 1251 est
1078 1213 1210 1264 aptus.

773 1279 837 1320 Sa
885 1280 1071 1320 ientia.

236 1336 452 1376 Flosculos
482 1336 590 1376 uteri
619 1337 699 1376 mei
727 1337 811 1386 tibi,
842 1294 965 1385 ἔζη-α,
996 1337 1222 1376 servandos
1261 1338 1476 1386 committo,
1508 1350 1608 1389 quos

236 1408 280 1445 tu
307 1405 507 1444 materiali
527 1405 617 1444 sinu
638 1406 787 1454 foveto,
806 1405 859 1458 61)
890 1406 1019 1445 donee
1044 1406 1084 1445 in
1115 1405 1436 1445 resurrrectione
1465 1405 1608 1458 majori

234 1474 536 1513 reviridescant
567 1474 709 1525 gloria,
743 1478 784 1513 et
813 1477 868 1522 tu,
901 1472 1073 1521 Christe,
1106 1474 1260 1513 animas
1290 1473 1452 1512 interim
1482 1473 1603 1526 imple

232 1542 534 1595 splendoribuS‚
565 1543 666 1581 dans
697 1542 907 1595 pacificam
936 1542 1120 1593 requiem
1151 1542 1320 1581 ossibus.

770 1610 1066 1650 Matronae.

231 1668 375 1707 Amen.

771 1723 833 1763 Sa
883 1724 1066 1763 ientia.

232 1790 385 1832 Grates
415 1795 581 1832 vestrae
613 1738 869 1833 humanitatip
883 1806 956 1846 pro
987 1792 1194 1840 solamine,
1236 1791 1344 1845 quod
1374 1790 1602 1831 contulistis

237 1873 352 1900 meae
385 1861 557 1900 orbitati.
570 1861 624 1913 ⁶2)
766 1917 812 1956 M

823 1930 845 1957 a
857 1920 873 1957 t
884 1931 904 1956 r
917 1931 938 1957 o
951 1931 974 1956 n
991 1930 1013 1956 a
1027 1931 1059 1956 ο.

231 1985 433 2028 Utrumne
464 1986 539 2034 vis,
570 1999 644 2026 nos
675 1986 739 2025 hic
769 1990 903 2026 tecum
933 1985 1115 2024 morari?

778 2053 1067 2107 Sapientia.

230 2111 334 2151 Non.

775 2167 1068 2208 Matronae.

234 2223 316 2264 Cur
346 2225 459 2264 non?

777 2281 1067 2334 Sapientia.

230 2350 294 2390 Ne
328 2363 381 2389 ex
410 2363 501 2389 meo
533 2350 738 2390 commodo
769 2351 884 2390 vobis
916 2350 1128 2401 ingeratur
1146 2348 1342 2388 molestia.
1402 2347 1464 2388 Sit
1491 2348 1602 2397 satis,

231 2419 338 2471 quod
368 2423 454 2457 tres
486 2422 626 2457 noctes
657 2431 815 2458 meeum
845 2418 1137 2471 permansistis.
1196 2417 1318 2456 Abite
1343 2416 1383 2456 in
1404 2429 1517 2470 paee,
1538 2429 1601 2455 re-

232 2487 439 2527 vertimini
467 2500 558 2526 cum
590 2487 732 2526 salute.

263 2600 315 2634 59)
336 2597 558 2632 prolixus,
577 2597 619 2622 M.
638 2605 667 2624 u.
686 2597 718 2624 P.
755 2599 805 2633 60)
825 2597 865 2624 So
885 2598 939 2635 M.;
961 2597 1105 2631 electa,
1124 2596 1184 2631 Mg.
1221 2597 1271 2631 61)
1289 2595 1434 2631 faveto,
1456 2595 1496 2624 M.
1518 2603 1548 2623 u.
1568 2595 1600 2625 Ρ.

331 2643 570 2682 62)obitati.
594 2642 622 2669 S.
