1702 2939
778 240 834 250 .-.
896 215 976 260 140
1033 240 1089 250 w.

572 615 913 706 Epistola
958 615 1297 704 ejusdem

328 749 399 807 ad
455 749 744 824 quosdam
800 755 1104 823 sapientes
1157 750 1334 826 liujus
1383 749 1521 808 libri

735 835 1020 891 fautores.
1054 841 1082 891 ¹)

436 956 596 1002 Plene
634 957 751 1002 sciis
785 961 835 1003 et
869 958 999 1002 bene
1043 959 1254 1003 moratis
1296 973 1390 1003 nec
1437 957 1606 1004 alieno

380 1032 631 1093 profectui
669 1033 1039 1090 invidentibus‚
1072 1034 1185 1091 sed,
1218 1038 1272 1078 ut
1303 1034 1452 1079 decet
1482 1049 1606 1079 vere

376 1108 656 1167 sapientes.
691 1108 1182 1167 congratulantibus,
1205 1108 1487 1166 Hrotsvhb,
1520 1124 1607 1154 ne-

381 1182 541 1227 sciola
574 1182 814 1242 nullaque
844 1183 1097 1242 probitate
1121 1183 1320 1242 idonea,
1351 1198 1604 1244 praesens

373 1258 550 1303 valere
585 1263 635 1303 et
665 1273 858 1319 perpes
890 1258 1134 1318 gaudere.
1195 1259 1413 1304 Vestrae
1452 1259 1608 1319 igitur

377 1333 661 1378 laudandae
703 1334 999 1379 humilitatis
1043 1334 1441 1393 magnitudinem
1482 1335 1608 1379 satis

379 1408 617 1453 admirari
651 1424 868 1468 nequeo,
904 1409 1310 1468 magnificaeque
1344 1410 1478 1454 circa
1510 1410 1608 1454 mei

375 1483 644 1528 utilitatem
666 1484 996 1543 benignitatis
1021 1489 1172 1544 atque
1197 1484 1482 1529 dilectionis
1502 1485 1607 1544 ple-

376 1559 655 1603 nitudinem
700 1560 1068 1617 condignarum
1122 1560 1606 1619 recompensatione

375 1635 654 1693 gratiarum
690 1635 914 1680 remetiri
949 1649 1049 1679 non
1083 1634 1298 1693 sufficio,
1332 1635 1464 1695 quia,
1498 1650 1610 1680 cum

372 1709 741 1769 philosophicis
800 1710 1028 1769 adprime
1078 1710 1258 1755 studiis
1311 1710 1517 1755 enutriti
1561 1714 1612 1755 et

374 1784 590 1828 scientia
634 1784 786 1843 longe
831 1785 1172 1829 excellentius
1218 1785 1329 1829 sitis
1372 1785 1607 1845 perfecti⁷

375 1858 472 1903 mei
507 1860 834 1918 opuseulum,
881 1860 996 1905 vilis
1030 1860 1386 1918 mulierculae,
1433 1865 1609 1906 vestra

378 1933 714 1978 admiratione
738 1935 942 1993 (lignum
971 1935 1204 1993 duxistis,
1238 1939 1288 1979 et
1311 1935 1607 1995 largitorem

374 2007 422 2051 in
459 2022 537 2052 me
581 2010 845 2067 operantis
889 2011 1086 2069 gratiae
1140 2010 1372 2055 fraterno
1416 2009 1606 2056 affeetu

373 2083 694 2142 gratulantes
729 2084 989 2143 laudastis,
1024 2086 1351 2142 arbitrantes,
1386 2085 1504 2130 mihi
1539 2087 1611 2131 in-

374 2173 493 2203 esse
533 2158 895 2217 aliquantulam
932 2162 1195 2206 seientiam
1239 2160 1445 2219 artium,
1488 2176 1610 2221 qua-

375 2249 482 2278 rum
499 2234 751 2279 subtilitas
767 2236 917 2295 longe
934 2238 1179 2296 praeterit
1198 2239 1293 2283 mei
1313 2235 1560 2282 muliebre
1573 2245 1607 2295 2)

372 2310 650 2369 ingenium.
694 2310 929 2372 Denique
963 2313 1292 2359 rusticitatem
1328 2327 1473 2358 meae
1511 2313 1608 2357 dic-

375 2387 685 2433 tatiunculae
705 2390 737 2439 ³)
772 2388 1018 2433 hactenus
1042 2389 1129 2433 vix
1154 2390 1402 2435 audebam
1431 2388 1606 2450 paucis

304 2539 332 2591 ¹)
366 2540 545 2578 fautores
588 2548 636 2578 et
671 2542 1056 2589 emendatores,
1097 2543 1403 2594 priusquam
1434 2544 1606 2581 libros

356 2610 477 2634 suos
511 2599 713 2636 vderot.
747 2598 787 2635 (f.
810 2612 845 2635 u.
870 2600 907 2635 S.
966 2600 1000 2647 Ἰ)
1031 2600 1107 2637 mei
1136 2600 1356 2637 mulibre
1388 2600 1605 2650 ingenium,

356 2654 416 2701 ('.·,
449 2668 608 2692 meum
626 2654 819 2692 muliebre
839 2655 930 2705 ing„
955 2656 992 2693 S.
1034 2657 1066 2706 ³)
1101 2656 1605 2703 di‹:tatuneulae‚M.
