1702 2939
676 195 989 237 -354—

264 309 481 349 Scrutatur
510 310 819 362 conjunctarum
848 324 1047 364 persaepe
1078 325 1261 352 sororum

261 379 392 418 Actus
423 382 465 418 et
494 379 684 427 studium,
715 392 861 427 mores,
893 380 1002 419 vitae
1033 394 1193 433 quoque
1229 395 1404 431 cursum,

260 447 323 486 Ne
353 448 433 495 vel,
465 451 697 500 contempta
726 449 923 500 majorum
955 449 1048 500 lege
1078 451 1298 502 sequenda,

146 513 242 554 420.
262 514 416 554 Vivere
446 515 541 567 lege
573 528 647 555 sua
677 517 851 568 reprobe
882 520 1165 569 praesumeret
1194 519 1289 567 ulla,

261 583 341 622 Vel
372 584 485 623 locus
514 584 644 623 illiciti
671 584 781 624 soret
810 585 932 624 ullius
963 587 1202 638 peragendi,

260 650 543 705 Exemploque
574 665 647 692 suo
677 654 1022 705 praemonstravit
1052 655 1248 695 facienda.

259 719 315 759 Et
345 733 421 760 ceu
451 721 665 773 prudentis
696 721 825 760 dulcis
857 722 1017 762 dilectio
1049 723 1188 763 matris

260 789 380 828 Nunc
409 792 568 828 terrore
598 801 693 828 suas
723 790 912 842 prohibet
941 791 1181 843 delinquere
1211 795 1341 841 natas,

145 855 240 897 425.
259 857 378 897 Nunc
409 858 530 897 etiam
559 857 719 897 monitis
749 859 854 898 bona
883 859 992 898 velle
1024 861 1171 899 suadet
1200 861 1351 909 amicis,

262 924 330 965 Sic
360 925 463 965 haee
493 929 636 965 sancta
665 938 760 965 suas
791 939 907 965 caras
938 927 1134 967 instruxit
1160 929 1357 976 alumnas,

259 993 380 1033 Nunc
411 993 685 1033 dominatricis
716 995 945 1034 mandando
971 996 1064 1047 jure
1095 996 1284 1048 potentis,

258 1062 377 1102 Nunc
408 1062 530 1102 etiam
560 1062 701 1101 matris
730 1062 945 1102 mulcendo
975 1076 1087 1102 more
1118 1065 1270 1112 suavis,

261 1130 354 1176 Quo
384 1132 470 1170 vita
501 1131 619 1169 simili
651 1133 821 1169 cunctae
853 1132 1120 1171 communiter
1148 1132 1218 1171 uni

145 1196 240 1238 430.
263 1198 478 1238 servirent
507 1199 608 1250 regi,
635 1199 812 1251 jubilant
844 1199 907 1238 cui
937 1200 1073 1239 sidera
1103 1200 1216 1239 coeli.

259 1266 482 1306 Praeterea
512 1279 614 1319 quas
644 1270 853 1306 maternae
884 1268 1048 1320 pietatis
1079 1280 1216 1308 amore

260 1335 445 1374 Nutrivit
474 1348 586 1384 vere,
617 1347 765 1387 magno
793 1339 1018 1375 veneratur
1047 1336 1212 1386 honore,

258 1402 347 1442 Has
376 1403 486 1456 ipsas
518 1404 734 1444 vocitando
765 1417 862 1444 suas
893 1405 1130 1457 saepissime
1163 1405 1341 1444 domnas.

258 1471 364 1511 Nam
392 1472 550 1524 quoties
580 1475 725 1524 neptes
757 1473 844 1525 ejus
875 1486 1149 1525 proceresque
1178 1475 1362 1526 nepotes,

146 1538 241 1580 435.
265 1540 378 1586 Quos
407 1540 700 1593 praepollentis
731 1541 856 1579 decus
888 1542 1115 1581 extollebat
1143 1541 1322 1591 honoris,

259 1608 362 1661 Ejus
392 1609 444 1648 ad
471 1609 722 1662 implendum
751 1612 1034 1649 convenerunt
1062 1610 1312 1658 famulatum,

261 1675 478 1717 certantes
509 1677 624 1717 donis
655 1677 765 1716 illam
796 1678 948 1717 donare
981 1679 1172 1726 coruscis,

260 1746 389 1798 Regis
419 1748 465 1785 ut
493 1746 692 1785 illustrem
724 1758 884 1785 socrum
913 1747 1199 1799 propriamque
1232 1747 1458 1800 parentem,

258 1813 358 1853 Illos
388 1827 484 1854 mox
514 1814 652 1853 verbis
683 1813 797 1853 affari
828 1815 974 1854 dicitur
1005 1815 1113 1854 istis:

144 1880 240 1922 440.
260 1882 523 1931 „Exhortans
553 1895 696 1922 moneo
727 1896 813 1931 vos,
845 1896 867 1922 o
897 1895 989 1922 mea
1018 1883 1192 1935 pignora.
1222 1895 1328 1931 cara,

258 1949 340 1999 „Ut
367 1950 579 1989 maturetis
611 1950 821 2002 condignis
852 1950 1051 2003 primulae
1081 1950 1232 1990 vestris

258 2017 524 2067 „Muneribus
553 2020 715 2057 nostras
744 2019 861 2069 large
892 2018 1093 2058 ditescere
1125 2019 1305 2065 domnas,

257 2085 362 2135 „Hie
390 2087 548 2126 servire
578 2087 655 2139 piis
686 2086 837 2126 debent
867 2099 971 2138 quae
1004 2086 1146 2126 sedulo
1176 2085 1326 2125 nostris

259 2153 482 2203 ‚,Patronis‚
513 2168 684 2207 quorum
713 2155 881 2203 meritis,
912 2155 1102 2207 precibus
1133 2166 1294 2206 quoque
1324 2152 1451 2192 saeris

144 2220 238 2261 445.
261 2220 512 2270 „Successus
542 2224 657 2263 nobis
689 2226 852 2276 optatae
882 2222 1166 2275 prosperitatis

257 2290 450 2339 „Necnon
481 2292 634 2344 regalis
664 2292 789 2331 decus
820 2291 1042 2330 accedebat
1071 2290 1272 2330 honoris.“

177 2469 237 2498 ⁴19.
259 2473 461 2505 concepta,
491 2470 546 2504 Ap.
582 2479 611 2498 u.
648 2471 718 2500 Lck.
754 2471 816 2499 42⁰.
848 2470 1025 2504 reprobo,
1053 2469 1104 2495 Lb.
1142 2467 1202 2496 421.
1222 2468 1351 2502 illius,
1375 2467 1429 2501 Ap.
1452 2465 1512 2493 und

265 2517 334 2544 Lek.
425 2516 486 2544 lm.
514 2517 787 2550 pmonnravit,
818 2515 1076 2550 (permonstravit)
1102 2515 1156 2548 Ap.
1236 2513 1296 2541 423.
1317 2513 1503 2547 pudentst,

263 2563 323 2591 ⁴29.
346 2561 465 2596 Quod,
494 2562 584 2596 [mk-3
614 2565 773 2596 cuncta,
808 2562 861 2596 Ap.
891 2570 920 2589 n.
950 2561 1019 2588 Lck.
1066 2559 1125 2587 434.
1148 2560 1289 2593 neptis,
1312 2558 1381 2585 Lck.
1409 2566 1439 2585 u.
1472 2556 1510 2583 H.

262 2608 324 2636 438.
343 2608 425 2635 inim
450 2608 617 2643 Soeium,
645 2608 714 2634 Lck.
756 2607 816 2635 441.
847 2607 1036 2642 primula,
1063 2606 1133 2634 Lck.
1162 2614 1191 2633 u.
1218 2605 1253 2634 H.
1289 2603 1349 2632 444.
1371 2602 1511 2630 menti·

265 2656 336 2680 stan
355 2655 515 2689 meritis,
537 2654 607 2682 Lck.
