<?xml version="1.0" encoding="UTF-8"?>
<!DOCTYPE html PUBLIC "-//W3C//DTD XHTML 1.0 Transitional//EN"
    "http://www.w3.org/TR/xhtml1/DTD/xhtml1-transitional.dtd">
<html xmlns="http://www.w3.org/1999/xhtml" xml:lang="en" lang="en">
 <head>
  <title>
</title>
<meta http-equiv="Content-Type" content="text/html;charset=utf-8" />
  <meta name='ocr-system' content='tesseract 3.04.00' />
  <meta name='ocr-capabilities' content='ocr_page ocr_carea ocr_par ocr_line ocrx_word'/>
</head>
<body>
  <div class='ocr_page' id='page_1' title='image "./diewerke00hrotuoft_0407.png"; bbox 0 0 1702 2939; ppageno 0'>
   <div class='ocr_carea' id='block_1_1' title="bbox 614 214 928 259">
    <p class='ocr_par' dir='ltr' id='par_1_1' title="bbox 614 214 928 259">
     <span class='ocr_line' id='line_1_1' title="bbox 614 214 928 259; baseline -0.006 0"><span class='ocrx_word' id='word_1_1' title='bbox 614 214 928 259; x_wconf 80' lang='lat'>-329-</span> 
     </span>
    </p>
   </div>
   <div class='ocr_carea' id='block_1_2' title="bbox 193 332 1322 453">
    <p class='ocr_par' dir='ltr' id='par_1_2' title="bbox 193 332 1322 453">
     <span class='ocr_line' id='line_1_2' title="bbox 195 332 1301 385; baseline -0.001 -13"><span class='ocrx_word' id='word_1_2' title='bbox 195 333 287 372; x_wconf 83' lang='lat' dir='ltr'>Non</span> <span class='ocrx_word' id='word_1_3' title='bbox 318 335 458 372; x_wconf 88' lang='lat' dir='ltr'>tamen</span> <span class='ocrx_word' id='word_1_4' title='bbox 488 333 656 382; x_wconf 77' lang='lat' dir='ltr'>invenit,</span> <span class='ocrx_word' id='word_1_5' title='bbox 688 332 838 373; x_wconf 79' lang='lat' dir='ltr'>Christi</span> <span class='ocrx_word' id='word_1_6' title='bbox 869 345 989 385; x_wconf 87' lang='lat' dir='ltr'>quam</span> <span class='ocrx_word' id='word_1_7' title='bbox 1021 332 1154 385; x_wconf 82' lang='lat' dir='ltr'>gratia</span> <span class='ocrx_word' id='word_1_8' title='bbox 1185 332 1301 372; x_wconf 86' lang='lat' dir='ltr'>texit.</span> 
     </span>
     <span class='ocr_line' id='line_1_3' title="bbox 193 401 1322 453; baseline -0.002 -12"><span class='ocrx_word' id='word_1_9' title='bbox 193 402 270 441; x_wconf 82' lang='lat' dir='ltr'>Ast</span> <span class='ocrx_word' id='word_1_10' title='bbox 301 402 370 441; x_wconf 89' lang='lat' dir='ltr'>ubi</span> <span class='ocrx_word' id='word_1_11' title='bbox 401 403 594 441; x_wconf 83' lang='lat' dir='ltr'>confusus</span> <span class='ocrx_word' id='word_1_12' title='bbox 624 403 756 450; x_wconf 88' lang='lat' dir='ltr'>rediit,</span> <span class='ocrx_word' id='word_1_13' title='bbox 786 402 954 441; x_wconf 88' lang='lat' dir='ltr'>nimium</span> <span class='ocrx_word' id='word_1_14' title='bbox 985 414 1144 453; x_wconf 87' lang='lat' dir='ltr'>quoque</span> <span class='ocrx_word' id='word_1_15' title='bbox 1175 401 1322 449; x_wconf 85' lang='lat' dir='ltr'>lassus,</span> 
     </span>
    </p>
   </div>
   <div class='ocr_carea' id='block_1_3' title="bbox 81 469 1294 517">
    <p class='ocr_par' dir='ltr' id='par_1_3' title="bbox 81 469 1294 517">
     <span class='ocr_line' id='line_1_4' title="bbox 81 469 1294 517; baseline -0.002 -8"><span class='ocrx_word' id='word_1_16' title='bbox 81 469 175 510; x_wconf 77' lang='lat'>655.</span> <span class='ocrx_word' id='word_1_17' title='bbox 199 471 371 510; x_wconf 85' lang='lat' dir='ltr'>Praesul</span> <span class='ocrx_word' id='word_1_18' title='bbox 402 471 665 510; x_wconf 86' lang='lat' dir='ltr'>Adelhardus</span> <span class='ocrx_word' id='word_1_19' title='bbox 694 484 790 510; x_wconf 81' lang='lat' dir='ltr'>mox</span> <span class='ocrx_word' id='word_1_20' title='bbox 821 470 990 510; x_wconf 84' lang='lat' dir='ltr'>advenit</span> <span class='ocrx_word' id='word_1_21' title='bbox 1018 470 1294 517; x_wconf 70' lang='lat' dir='ltr'>venerandus,</span> 
     </span>
    </p>
   </div>
   <div class='ocr_carea' id='block_1_4' title="bbox 194 539 1270 799">
    <p class='ocr_par' dir='ltr' id='par_1_4' title="bbox 194 539 1270 799">
     <span class='ocr_line' id='line_1_5' title="bbox 200 539 1248 592; baseline -0.001 -14"><span class='ocrx_word' id='word_1_22' title='bbox 200 540 454 592; x_wconf 82' lang='lat' dir='ltr'>Induxitque</span> <span class='ocrx_word' id='word_1_23' title='bbox 485 552 600 579; x_wconf 88' lang='lat' dir='ltr'>suam</span> <span class='ocrx_word' id='word_1_24' title='bbox 631 540 828 592; x_wconf 83' lang='lat' dir='ltr'>gaudenti</span> <span class='ocrx_word' id='word_1_25' title='bbox 857 542 1023 592; x_wconf 79' lang='lat' dir='ltr'>pectore</span> <span class='ocrx_word' id='word_1_26' title='bbox 1061 539 1248 578; x_wconf 88' lang='lat' dir='ltr'>domnam</span> 
     </span>
     <span class='ocr_line' id='line_1_6' title="bbox 197 608 1270 661; baseline -0.001 -14"><span class='ocrx_word' id='word_1_27' title='bbox 197 608 313 647; x_wconf 88' lang='lat' dir='ltr'>Intra</span> <span class='ocrx_word' id='word_1_28' title='bbox 342 621 518 661; x_wconf 87' lang='lat' dir='ltr'>namque</span> <span class='ocrx_word' id='word_1_29' title='bbox 549 622 647 648; x_wconf 87' lang='lat' dir='ltr'>suae</span> <span class='ocrx_word' id='word_1_30' title='bbox 678 623 815 649; x_wconf 88' lang='lat' dir='ltr'>muros</span> <span class='ocrx_word' id='word_1_31' title='bbox 845 609 957 648; x_wconf 88' lang='lat' dir='ltr'>urbis</span> <span class='ocrx_word' id='word_1_32' title='bbox 986 609 1091 647; x_wconf 90' lang='lat' dir='ltr'>bene</span> <span class='ocrx_word' id='word_1_33' title='bbox 1121 608 1270 656; x_wconf 86' lang='lat' dir='ltr'>firmos,</span> 
     </span>
     <span class='ocr_line' id='line_1_7' title="bbox 194 677 1129 730; baseline -0.001 -14"><span class='ocrx_word' id='word_1_34' title='bbox 194 677 354 730; x_wconf 87' lang='lat' dir='ltr'>Hicque</span> <span class='ocrx_word' id='word_1_35' title='bbox 386 679 461 717; x_wconf 84' lang='lat' dir='ltr'>sibi</span> <span class='ocrx_word' id='word_1_36' title='bbox 493 678 615 730; x_wconf 79' lang='lat' dir='ltr'>digne</span> <span class='ocrx_word' id='word_1_37' title='bbox 647 680 731 718; x_wconf 91' lang='lat' dir='ltr'>toto</span> <span class='ocrx_word' id='word_1_38' title='bbox 762 678 934 718; x_wconf 77' lang='lat' dir='ltr'>servivit</span> <span class='ocrx_word' id='word_1_39' title='bbox 964 678 1129 725; x_wconf 82' lang='lat' dir='ltr'>honore,</span> 
     </span>
     <span class='ocr_line' id='line_1_8' title="bbox 198 745 1230 799; baseline -0.001 -14"><span class='ocrx_word' id='word_1_40' title='bbox 198 746 338 786; x_wconf 89' lang='lat' dir='ltr'>Donec</span> <span class='ocrx_word' id='word_1_41' title='bbox 368 748 565 799; x_wconf 84' lang='lat' dir='ltr'>majorem</span> <span class='ocrx_word' id='word_1_42' title='bbox 596 745 757 786; x_wconf 86' lang='lat' dir='ltr'>Christo</span> <span class='ocrx_word' id='word_1_43' title='bbox 788 747 1008 786; x_wconf 74' lang='lat' dir='ltr'>miserante</span> <span class='ocrx_word' id='word_1_44' title='bbox 1041 747 1230 785; x_wconf 81' lang='lat' dir='ltr'>decorem</span> 
     </span>
    </p>
   </div>
   <div class='ocr_carea' id='block_1_5' title="bbox 81 814 1292 870">
    <p class='ocr_par' dir='ltr' id='par_1_5' title="bbox 81 814 1292 870">
     <span class='ocr_line' id='line_1_9' title="bbox 81 814 1292 870; baseline -0.001 -16"><span class='ocrx_word' id='word_1_45' title='bbox 81 814 175 855; x_wconf 77' lang='lat'><strong>(560.</strong></span> <span class='ocrx_word' id='word_1_46' title='bbox 196 816 332 868; x_wconf 82' lang='lat' dir='ltr'>Regni</span> <span class='ocrx_word' id='word_1_47' title='bbox 364 816 558 868; x_wconf 83' lang='lat' dir='ltr'>suscepit,</span> <span class='ocrx_word' id='word_1_48' title='bbox 590 816 749 868; x_wconf 84' lang='lat' dir='ltr'>pridem</span> <span class='ocrx_word' id='word_1_49' title='bbox 778 814 1085 870; x_wconf 55' lang='lat' dir='ltr'>qiiamjnioesta</span> <span class='ocrx_word' id='word_1_50' title='bbox 1116 814 1292 867; x_wconf 90' lang='lat' dir='ltr'>reliquit.</span> 
     </span>
    </p>
   </div>
   <div class='ocr_carea' id='block_1_6' title="bbox 74 1203 168 1244">
    <p class='ocr_par' dir='ltr' id='par_1_6' title="bbox 74 1203 168 1244">
     <span class='ocr_line' id='line_1_10' title="bbox 74 1203 168 1244; baseline 0.053 -4"><span class='ocrx_word' id='word_1_51' title='bbox 74 1203 168 1244; x_wconf 72' lang='lat'><strong>(565.</strong></span> 
     </span>
    </p>
   </div>
   <div class='ocr_carea' id='block_1_7' title="bbox 76 1547 170 1588">
    <p class='ocr_par' dir='ltr' id='par_1_7' title="bbox 76 1547 170 1588">
     <span class='ocr_line' id='line_1_11' title="bbox 76 1547 170 1588; baseline 0 0"><span class='ocrx_word' id='word_1_52' title='bbox 76 1548 100 1588; x_wconf 76' lang='grc'><strong>6</strong></span> <span class='ocrx_word' id='word_1_53' title='bbox 107 1547 170 1588; x_wconf 79' lang='grc'>70.</span> 
     </span>
    </p>
   </div>
   <div class='ocr_carea' id='block_1_8' title="bbox 135 930 1448 2221">
    <p class='ocr_par' dir='ltr' id='par_1_8' title="bbox 191 930 1261 1051">
     <span class='ocr_line' id='line_1_12' title="bbox 191 930 1261 983; baseline -0.001 -14"><span class='ocrx_word' id='word_1_54' title='bbox 191 931 377 983; x_wconf 85' lang='lat' dir='ltr'>Denique</span> <span class='ocrx_word' id='word_1_55' title='bbox 408 933 614 970; x_wconf 72' lang='lat' dir='ltr'>nostrates</span> <span class='ocrx_word' id='word_1_56' title='bbox 646 931 822 982; x_wconf 87' lang='lat' dir='ltr'>quidam,</span> <span class='ocrx_word' id='word_1_57' title='bbox 854 932 950 969; x_wconf 87' lang='lat' dir='ltr'>tunc</span> <span class='ocrx_word' id='word_1_58' title='bbox 983 930 1261 982; x_wconf 79' lang='lat' dir='ltr'>experientes,</span> 
     </span>
     <span class='ocr_line' id='line_1_13' title="bbox 192 999 1104 1051; baseline -0.001 -13"><span class='ocrx_word' id='word_1_59' title='bbox 192 999 399 1051; x_wconf 81' lang='lat' dir='ltr'>Reginam</span> <span class='ocrx_word' id='word_1_60' title='bbox 430 1000 588 1039; x_wconf 89' lang='lat' dir='ltr'>domino</span> <span class='ocrx_word' id='word_1_61' title='bbox 621 999 845 1038; x_wconf 85' lang='lat' dir='ltr'>desolatam</span> <span class='ocrx_word' id='word_1_62' title='bbox 877 999 965 1038; x_wconf 85' lang='lat' dir='ltr'>fore</span> <span class='ocrx_word' id='word_1_63' title='bbox 998 1011 1104 1047; x_wconf 86' lang='lat' dir='ltr'>caro,</span> 
     </span>
    </p>

    <p class='ocr_par' dir='ltr' id='par_1_9' title="bbox 191 1067 1153 1121">
     <span class='ocr_line' id='line_1_14' title="bbox 191 1067 1153 1121; baseline -0.001 -14"><span class='ocrx_word' id='word_1_64' title='bbox 191 1067 316 1120; x_wconf 77' lang='lat' dir='ltr'>Cujus</span> <span class='ocrx_word' id='word_1_65' title='bbox 347 1069 611 1121; x_wconf 78' lang='lat' dir='ltr'>praedulcem</span> <span class='ocrx_word' id='word_1_66' title='bbox 641 1070 918 1119; x_wconf 83' lang='lat' dir='ltr'>gustaverunt</span> <span class='ocrx_word' id='word_1_67' title='bbox 946 1068 1153 1120; x_wconf 85' lang='lat' dir='ltr'>pietatem,</span> 
     </span>
    </p>

    <p class='ocr_par' dir='ltr' id='par_1_10' title="bbox 193 1136 1344 1262">
     <span class='ocr_line' id='line_1_15' title="bbox 193 1136 1344 1190; baseline -0.002 -14"><span class='ocrx_word' id='word_1_68' title='bbox 193 1137 367 1182; x_wconf 81' lang='lat' dir='ltr'>Quando</span> <span class='ocrx_word' id='word_1_69' title='bbox 399 1152 473 1190; x_wconf 90' lang='lat' dir='ltr'>per</span> <span class='ocrx_word' id='word_1_70' title='bbox 503 1138 665 1177; x_wconf 86' lang='lat' dir='ltr'>Italiam</span> <span class='ocrx_word' id='word_1_71' title='bbox 698 1139 922 1189; x_wconf 86' lang='lat' dir='ltr'>coeperunt</span> <span class='ocrx_word' id='word_1_72' title='bbox 952 1149 1129 1188; x_wconf 82' lang='lat' dir='ltr'>pergere</span> <span class='ocrx_word' id='word_1_73' title='bbox 1160 1136 1344 1184; x_wconf 81' lang='lat' dir='ltr'>Romam,</span> 
     </span>
     <span class='ocr_line' id='line_1_16' title="bbox 194 1205 1132 1262; baseline -0.002 -17"><span class='ocrx_word' id='word_1_74' title='bbox 194 1205 295 1258; x_wconf 79' lang='lat' dir='ltr'>Ejus</span> <span class='ocrx_word' id='word_1_75' title='bbox 326 1207 591 1262; x_wconf 77' lang='lat' dir='ltr'>multiplicem</span> <span class='ocrx_word' id='word_1_76' title='bbox 620 1206 781 1245; x_wconf 84' lang='lat' dir='ltr'>recitati</span> <span class='ocrx_word' id='word_1_77' title='bbox 813 1209 908 1244; x_wconf 89' lang='lat' dir='ltr'>sunt</span> <span class='ocrx_word' id='word_1_78' title='bbox 937 1206 1132 1257; x_wconf 86' lang='lat' dir='ltr'>pietatem</span> 
     </span>
    </p>

    <p class='ocr_par' dir='ltr' id='par_1_11' title="bbox 193 1272 1246 1462">
     <span class='ocr_line' id='line_1_17' title="bbox 195 1272 1246 1326; baseline -0.002 -13"><span class='ocrx_word' id='word_1_79' title='bbox 195 1273 388 1313; x_wconf 79' lang='lat' dir='ltr'>Crebrius</span> <span class='ocrx_word' id='word_1_80' title='bbox 420 1274 592 1322; x_wconf 91' lang='lat' dir='ltr'>Oddoni‚</span> <span class='ocrx_word' id='word_1_81' title='bbox 624 1287 772 1326; x_wconf 83' lang='lat' dir='ltr'>magno</span> <span class='ocrx_word' id='word_1_82' title='bbox 804 1278 901 1313; x_wconf 86' lang='lat' dir='ltr'>tune</span> <span class='ocrx_word' id='word_1_83' title='bbox 932 1274 1106 1325; x_wconf 85' lang='lat' dir='ltr'>denique</span> <span class='ocrx_word' id='word_1_84' title='bbox 1142 1272 1246 1325; x_wconf 84' lang='lat' dir='ltr'>regi,</span> 
     </span>
     <span class='ocr_line' id='line_1_18' title="bbox 195 1342 1203 1394; baseline -0.002 -12"><span class='ocrx_word' id='word_1_85' title='bbox 195 1344 385 1394; x_wconf 72' lang='lat' dir='ltr'>Augusto</span> <span class='ocrx_word' id='word_1_86' title='bbox 417 1344 490 1382; x_wconf 79' lang='lat' dir='ltr'>sed</span> <span class='ocrx_word' id='word_1_87' title='bbox 520 1343 695 1383; x_wconf 81' lang='lat' dir='ltr'>Romani</span> <span class='ocrx_word' id='word_1_88' title='bbox 726 1356 834 1382; x_wconf 87' lang='lat' dir='ltr'>nunc</span> <span class='ocrx_word' id='word_1_89' title='bbox 867 1344 1042 1394; x_wconf 87' lang='lat' dir='ltr'>denique</span> <span class='ocrx_word' id='word_1_90' title='bbox 1072 1342 1203 1394; x_wconf 84' lang='lat' dir='ltr'>regni,</span> 
     </span>
     <span class='ocr_line' id='line_1_19' title="bbox 193 1411 1181 1462; baseline -0.001 -12"><span class='ocrx_word' id='word_1_91' title='bbox 193 1412 359 1451; x_wconf 80' lang='lat' dir='ltr'>Nullam</span> <span class='ocrx_word' id='word_1_92' title='bbox 390 1412 574 1451; x_wconf 79' lang='lat' dir='ltr'>dicentes</span> <span class='ocrx_word' id='word_1_93' title='bbox 606 1412 725 1450; x_wconf 90' lang='lat' dir='ltr'>aliam</span> <span class='ocrx_word' id='word_1_94' title='bbox 758 1412 981 1451; x_wconf 82' lang='lat' dir='ltr'>consistere</span> <span class='ocrx_word' id='word_1_95' title='bbox 1015 1411 1181 1462; x_wconf 83' lang='lat' dir='ltr'>dignam</span> 
     </span>
    </p>

    <p class='ocr_par' dir='ltr' id='par_1_12' title="bbox 193 1480 1094 1533">
     <span class='ocr_line' id='line_1_20' title="bbox 193 1480 1094 1533; baseline -0.001 -14"><span class='ocrx_word' id='word_1_96' title='bbox 193 1480 320 1519; x_wconf 79' lang='lat' dir='ltr'>Tecta</span> <span class='ocrx_word' id='word_1_97' title='bbox 351 1481 425 1520; x_wconf 86' lang='lat' dir='ltr'>sub</span> <span class='ocrx_word' id='word_1_98' title='bbox 457 1481 583 1533; x_wconf 87' lang='lat' dir='ltr'>ipsius</span> <span class='ocrx_word' id='word_1_99' title='bbox 615 1481 782 1520; x_wconf 86' lang='lat' dir='ltr'>thalami</span> <span class='ocrx_word' id='word_1_100' title='bbox 812 1480 969 1531; x_wconf 72' lang='lat' dir='ltr'>regalia</span> <span class='ocrx_word' id='word_1_101' title='bbox 999 1480 1094 1518; x_wconf 88' lang='lat' dir='ltr'>duci</span> 
     </span>
    </p>

    <p class='ocr_par' dir='ltr' id='par_1_13' title="bbox 189 1548 1316 1666">
     <span class='ocr_line' id='line_1_21' title="bbox 190 1548 1316 1589; baseline -0.001 -1"><span class='ocrx_word' id='word_1_102' title='bbox 190 1549 289 1589; x_wconf 86' lang='lat' dir='ltr'>Post</span> <span class='ocrx_word' id='word_1_103' title='bbox 320 1550 471 1588; x_wconf 88' lang='lat' dir='ltr'>obitum</span> <span class='ocrx_word' id='word_1_104' title='bbox 502 1550 673 1588; x_wconf 88' lang='lat' dir='ltr'>domnae</span> <span class='ocrx_word' id='word_1_105' title='bbox 705 1549 886 1588; x_wconf 85' lang='lat' dir='ltr'>flendum</span> <span class='ocrx_word' id='word_1_106' title='bbox 917 1548 1073 1588; x_wconf 78' lang='lat' dir='ltr'>cunc-tis</span> <span class='ocrx_word' id='word_1_107' title='bbox 1104 1548 1316 1587; x_wconf 84' lang='lat' dir='ltr'>Eadithae.</span> 
     </span>
     <span class='ocr_line' id='line_1_22' title="bbox 189 1618 1156 1666; baseline -0.002 -9"><span class='ocrx_word' id='word_1_108' title='bbox 189 1618 243 1657; x_wconf 89' lang='lat' dir='ltr'>Et</span> <span class='ocrx_word' id='word_1_109' title='bbox 273 1632 351 1657; x_wconf 79' lang='lat' dir='ltr'>rex</span> <span class='ocrx_word' id='word_1_110' title='bbox 382 1619 559 1657; x_wconf 87' lang='lat' dir='ltr'>laetatus</span> <span class='ocrx_word' id='word_1_111' title='bbox 591 1621 730 1657; x_wconf 84' lang='lat' dir='ltr'>tantae</span> <span class='ocrx_word' id='word_1_112' title='bbox 762 1618 979 1657; x_wconf 85' lang='lat' dir='ltr'>dulcedine</span> <span class='ocrx_word' id='word_1_113' title='bbox 1012 1618 1156 1666; x_wconf 83' lang='lat' dir='ltr'>famae,</span> 
     </span>
    </p>

    <p class='ocr_par' dir='ltr' id='par_1_14' title="bbox 191 1687 1228 1740">
     <span class='ocr_line' id='line_1_23' title="bbox 191 1687 1228 1740; baseline -0.002 -14"><span class='ocrx_word' id='word_1_114' title='bbox 191 1687 364 1726; x_wconf 80' lang='lat' dir='ltr'>Pectore</span> <span class='ocrx_word' id='word_1_115' title='bbox 395 1688 590 1727; x_wconf 70' lang='lat' dir='ltr'>volvebat</span> <span class='ocrx_word' id='word_1_116' title='bbox 620 1688 742 1726; x_wconf 72' lang='lat' dir='ltr'>tac-ito</span> <span class='ocrx_word' id='word_1_117' title='bbox 773 1701 847 1740; x_wconf 84' lang='lat' dir='ltr'>per</span> <span class='ocrx_word' id='word_1_118' title='bbox 878 1689 1062 1739; x_wconf 87' lang='lat' dir='ltr'>tempora</span> <span class='ocrx_word' id='word_1_119' title='bbox 1093 1687 1228 1738; x_wconf 85' lang='lat' dir='ltr'>longa,</span> 
     </span>
    </p>

    <p class='ocr_par' dir='ltr' id='par_1_15' title="bbox 189 1755 1224 1877">
     <span class='ocr_line' id='line_1_24' title="bbox 194 1755 1224 1808; baseline -0.002 -13"><span class='ocrx_word' id='word_1_120' title='bbox 194 1755 285 1801; x_wconf 84' lang='lat' dir='ltr'>Quo</span> <span class='ocrx_word' id='word_1_121' title='bbox 316 1759 436 1808; x_wconf 84' lang='lat' dir='ltr'>pacto</span> <span class='ocrx_word' id='word_1_122' title='bbox 468 1757 543 1795; x_wconf 81' lang='lat' dir='ltr'>sibi</span> <span class='ocrx_word' id='word_1_123' title='bbox 574 1756 761 1808; x_wconf 82' lang='lat' dir='ltr'>reginam</span> <span class='ocrx_word' id='word_1_124' title='bbox 793 1757 1063 1808; x_wconf 82' lang='lat' dir='ltr'>conjungeret</span> <span class='ocrx_word' id='word_1_125' title='bbox 1092 1755 1224 1803; x_wconf 87' lang='lat' dir='ltr'>istam,</span> 
     </span>
     <span class='ocr_line' id='line_1_25' title="bbox 189 1824 1192 1877; baseline 0 -14"><span class='ocrx_word' id='word_1_126' title='bbox 189 1826 306 1869; x_wconf 82' lang='lat' dir='ltr'>Quae</span> <span class='ocrx_word' id='word_1_127' title='bbox 339 1825 415 1864; x_wconf 87' lang='lat' dir='ltr'>fuit</span> <span class='ocrx_word' id='word_1_128' title='bbox 444 1825 599 1863; x_wconf 79' lang='lat' dir='ltr'>insidiis</span> <span class='ocrx_word' id='word_1_129' title='bbox 631 1826 742 1877; x_wconf 84' lang='lat' dir='ltr'>regis</span> <span class='ocrx_word' id='word_1_130' title='bbox 775 1825 1025 1864; x_wconf 80' lang='lat' dir='ltr'>eircumdata</span> <span class='ocrx_word' id='word_1_131' title='bbox 1057 1824 1192 1864; x_wconf 85' lang='lat' dir='ltr'>tantis.</span> 
     </span>
    </p>

    <p class='ocr_par' dir='ltr' id='par_1_16' title="bbox 135 1893 1363 2152">
     <span class='ocr_line' id='line_1_26' title="bbox 135 1893 1363 1946; baseline -0.002 -14"><span class='ocrx_word' id='word_1_132' title='bbox 135 1910 138 1914; x_wconf 62' lang='lat'><strong><em>¹</em></strong></span> <span class='ocrx_word' id='word_1_133' title='bbox 163 1925 169 1932; x_wconf 94' lang='lat'><strong>.</strong></span> <span class='ocrx_word' id='word_1_134' title='bbox 193 1893 317 1932; x_wconf 68' lang='lat' dir='ltr'>Venit</span> <span class='ocrx_word' id='word_1_135' title='bbox 350 1896 390 1932; x_wconf 85' lang='lat' dir='ltr'>et</span> <span class='ocrx_word' id='word_1_136' title='bbox 420 1894 459 1932; x_wconf 89' lang='lat' dir='ltr'>in</span> <span class='ocrx_word' id='word_1_137' title='bbox 491 1897 682 1940; x_wconf 88' lang='lat' dir='ltr'>mentem,</span> <span class='ocrx_word' id='word_1_138' title='bbox 714 1894 969 1946; x_wconf 86' lang='lat' dir='ltr'>praedictum</span> <span class='ocrx_word' id='word_1_139' title='bbox 1001 1893 1177 1945; x_wconf 86' lang='lat' dir='ltr'>denique</span> <span class='ocrx_word' id='word_1_140' title='bbox 1208 1905 1363 1943; x_wconf 76' lang='lat' dir='ltr'>regem,</span> 
     </span>
     <span class='ocr_line' id='line_1_27' title="bbox 188 1961 1307 2015; baseline 0 -15"><span class='ocrx_word' id='word_1_141' title='bbox 188 1963 268 2007; x_wconf 74' lang='lat' dir='ltr'>Qui</span> <span class='ocrx_word' id='word_1_142' title='bbox 300 1963 502 2013; x_wconf 85' lang='lat' dir='ltr'>quondam</span> <span class='ocrx_word' id='word_1_143' title='bbox 532 1963 674 2015; x_wconf 86' lang='lat' dir='ltr'>patriis</span> <span class='ocrx_word' id='word_1_144' title='bbox 706 1964 843 2002; x_wconf 86' lang='lat' dir='ltr'>fuerat</span> <span class='ocrx_word' id='word_1_145' title='bbox 873 1963 1070 2015; x_wconf 81' lang='lat' dir='ltr'>depulsus</span> <span class='ocrx_word' id='word_1_146' title='bbox 1101 1963 1151 2001; x_wconf 91' lang='lat' dir='ltr'>ab</span> <span class='ocrx_word' id='word_1_147' title='bbox 1183 1961 1307 2009; x_wconf 79' lang='lat' dir='ltr'>arvis,</span> 
     </span>
     <span class='ocr_line' id='line_1_28' title="bbox 189 2029 1185 2082; baseline 0.001 -14"><span class='ocrx_word' id='word_1_148' title='bbox 189 2029 291 2082; x_wconf 82' lang='lat' dir='ltr'>Ejus</span> <span class='ocrx_word' id='word_1_149' title='bbox 324 2035 364 2070; x_wconf 88' lang='lat' dir='ltr'>et</span> <span class='ocrx_word' id='word_1_150' title='bbox 394 2031 546 2070; x_wconf 80' lang='lat' dir='ltr'>auxilio</span> <span class='ocrx_word' id='word_1_151' title='bbox 578 2032 695 2070; x_wconf 81' lang='lat' dir='ltr'>citius</span> <span class='ocrx_word' id='word_1_152' title='bbox 726 2032 948 2070; x_wconf 84' lang='lat' dir='ltr'>miserante</span> <span class='ocrx_word' id='word_1_153' title='bbox 978 2031 1185 2079; x_wconf 77' lang='lat' dir='ltr'>reductus,</span> 
     </span>
     <span class='ocr_line' id='line_1_29' title="bbox 191 2098 1200 2152; baseline 0.001 -16"><span class='ocrx_word' id='word_1_154' title='bbox 191 2098 407 2149; x_wconf 54' lang='lat' dir='ltr'>‘Ingratum</span> <span class='ocrx_word' id='word_1_155' title='bbox 438 2100 526 2138; x_wconf 90' lang='lat' dir='ltr'>fore</span> <span class='ocrx_word' id='word_1_156' title='bbox 556 2112 665 2138; x_wconf 88' lang='lat' dir='ltr'>nunc</span> <span class='ocrx_word' id='word_1_157' title='bbox 696 2100 812 2138; x_wconf 81' lang='lat' dir='ltr'>donis</span> <span class='ocrx_word' id='word_1_158' title='bbox 845 2102 982 2139; x_wconf 86' lang='lat' dir='ltr'>tantae</span> <span class='ocrx_word' id='word_1_159' title='bbox 1012 2099 1200 2152; x_wconf 79' lang='lat' dir='ltr'>pietatis;</span> 
     </span>
    </p>

    <p class='ocr_par' dir='ltr' id='par_1_17' title="bbox 188 2167 1448 2221">
     <span class='ocr_line' id='line_1_30' title="bbox 188 2167 1448 2221; baseline 0.001 -16"><span class='ocrx_word' id='word_1_160' title='bbox 188 2167 296 2206; x_wconf 88' lang='lat' dir='ltr'>Hinc</span> <span class='ocrx_word' id='word_1_161' title='bbox 328 2181 488 2219; x_wconf 85' lang='lat' dir='ltr'>quoque</span> <span class='ocrx_word' id='word_1_162' title='bbox 518 2181 615 2206; x_wconf 85' lang='lat' dir='ltr'>mox</span> <span class='ocrx_word' id='word_1_163' title='bbox 644 2168 798 2207; x_wconf 85' lang='lat' dir='ltr'>aditum</span> <span class='ocrx_word' id='word_1_164' title='bbox 829 2169 988 2207; x_wconf 88' lang='lat' dir='ltr'>sibimet</span> <span class='ocrx_word' id='word_1_165' title='bbox 1027 2168 1266 2220; x_wconf 82' lang='lat' dir='ltr'>providerat</span> <span class='ocrx_word' id='word_1_166' title='bbox 1297 2169 1448 2221; x_wconf 83' lang='lat' dir='ltr'>aptum,</span> 
     </span>
    </p>
   </div>
   <div class='ocr_carea' id='block_1_9' title="bbox 76 2233 1154 2289">
    <p class='ocr_par' dir='ltr' id='par_1_18' title="bbox 76 2233 1154 2289">
     <span class='ocr_line' id='line_1_31' title="bbox 76 2233 1154 2289; baseline 0.002 -15"><span class='ocrx_word' id='word_1_167' title='bbox 76 2233 326 2288; x_wconf 74' lang='lat' dir='ltr'>(380.Ipsi11s</span> <span class='ocrx_word' id='word_1_168' title='bbox 359 2236 547 2275; x_wconf 78' lang='lat' dir='ltr'>Italicum</span> <span class='ocrx_word' id='word_1_169' title='bbox 572 2237 655 2288; x_wconf 87' lang='lat' dir='ltr'>juri</span> <span class='ocrx_word' id='word_1_170' title='bbox 687 2237 937 2288; x_wconf 78' lang='lat' dir='ltr'>subjungere</span> <span class='ocrx_word' id='word_1_171' title='bbox 969 2251 1154 2289; x_wconf 83' lang='lat' dir='ltr'>regnum.</span> 
     </span>
    </p>
   </div>
   <div class='ocr_carea' id='block_1_10' title="bbox 188 2305 1277 2427">
    <p class='ocr_par' dir='ltr' id='par_1_19' title="bbox 188 2305 1277 2427">
     <span class='ocr_line' id='line_1_32' title="bbox 191 2305 1199 2359; baseline 0.003 -16"><span class='ocrx_word' id='word_1_172' title='bbox 191 2305 280 2344; x_wconf 80' lang='lat' dir='ltr'>Hoc</span> <span class='ocrx_word' id='word_1_173' title='bbox 313 2305 381 2344; x_wconf 87' lang='lat' dir='ltr'>ubi</span> <span class='ocrx_word' id='word_1_174' title='bbox 413 2305 612 2357; x_wconf 76' lang='lat' dir='ltr'>colloquio</span> <span class='ocrx_word' id='word_1_175' title='bbox 645 2305 773 2344; x_wconf 75' lang='lat' dir='ltr'>sensit</span> <span class='ocrx_word' id='word_1_176' title='bbox 802 2309 996 2346; x_wconf 81' lang='lat' dir='ltr'>narrante</span> <span class='ocrx_word' id='word_1_177' title='bbox 1028 2310 1199 2359; x_wconf 88' lang='lat' dir='ltr'>paterno</span> 
     </span>
     <span class='ocr_line' id='line_1_33' title="bbox 188 2373 1277 2427; baseline 0.002 -15"><span class='ocrx_word' id='word_1_178' title='bbox 188 2373 323 2413; x_wconf 87' lang='lat' dir='ltr'>Patris</span> <span class='ocrx_word' id='word_1_179' title='bbox 354 2386 466 2413; x_wconf 87' lang='lat' dir='ltr'>amor</span> <span class='ocrx_word' id='word_1_180' title='bbox 498 2387 634 2422; x_wconf 76' lang='lat' dir='ltr'>verus,</span> <span class='ocrx_word' id='word_1_181' title='bbox 667 2388 761 2427; x_wconf 88' lang='lat' dir='ltr'>spes</span> <span class='ocrx_word' id='word_1_182' title='bbox 794 2378 834 2414; x_wconf 86' lang='lat' dir='ltr'>et</span> <span class='ocrx_word' id='word_1_183' title='bbox 865 2376 1012 2427; x_wconf 58' lang='lat' dir='ltr'>genti-8¹,</span> <span class='ocrx_word' id='word_1_184' title='bbox 1043 2376 1277 2425; x_wconf 82' lang='lat' dir='ltr'>Liudulfus,</span> 
     </span>
    </p>
   </div>
   <div class='ocr_carea' id='block_1_11' title="bbox 199 2468 267 2470">
    <p class='ocr_par' dir='ltr' id='par_1_20' title="bbox 199 2468 267 2470">
     <span class='ocr_line' id='line_1_34' title="bbox 199 2468 267 2470; baseline 0 0"><span class='ocrx_word' id='word_1_185' title='bbox 199 2468 267 2470; x_wconf 95' lang='lat' dir='ltr'> </span> 
     </span>
    </p>
   </div>
   <div class='ocr_carea' id='block_1_12' title="bbox 107 2507 1446 2543">
    <p class='ocr_par' dir='ltr' id='par_1_21' title="bbox 107 2507 1446 2543">
     <span class='ocr_line' id='line_1_35' title="bbox 107 2507 1446 2543; baseline 0.001 -8"><span class='ocrx_word' id='word_1_186' title='bbox 107 2509 172 2536; x_wconf 84' lang='lat'><strong>653.</strong></span> <span class='ocrx_word' id='word_1_187' title='bbox 192 2510 363 2543; x_wconf 83' lang='lat' dir='ltr'>invente,</span> <span class='ocrx_word' id='word_1_188' title='bbox 391 2509 421 2534; x_wconf 91' lang='lat' dir='ltr'>P.</span> <span class='ocrx_word' id='word_1_189' title='bbox 451 2507 691 2535; x_wconf 79' lang='lat' dir='ltr'>Schreibfehler:</span> <span class='ocrx_word' id='word_1_190' title='bbox 718 2510 932 2537; x_wconf 74' lang='lat' dir='ltr'>invenit-texit.</span> <span class='ocrx_word' id='word_1_191' title='bbox 979 2511 1039 2538; x_wconf 82' lang='lat'><strong>655.</strong></span> <span class='ocrx_word' id='word_1_192' title='bbox 1058 2510 1219 2537; x_wconf 75' lang='lat' dir='ltr'>Praeses</span> <span class='ocrx_word' id='word_1_193' title='bbox 1248 2509 1446 2543; x_wconf 73' lang='lat' dir='ltr'>Adelhardns,</span> 
     </span>
    </p>
   </div>
   <div class='ocr_carea' id='block_1_13' title="bbox 185 2554 1445 2727">
    <p class='ocr_par' dir='ltr' id='par_1_22' title="bbox 185 2554 1445 2727">
     <span class='ocr_line' id='line_1_36' title="bbox 186 2554 1445 2592; baseline 0.001 -11"><span class='ocrx_word' id='word_1_194' title='bbox 186 2555 218 2582; x_wconf 55' lang='grc' dir='ltr'>(Χ</span> <span class='ocrx_word' id='word_1_195' title='bbox 246 2565 274 2582; x_wconf 85' lang='grc' dir='ltr'>ιι.</span> <span class='ocrx_word' id='word_1_196' title='bbox 302 2554 351 2589; x_wconf 84' lang='lat' dir='ltr'>S.;</span> <span class='ocrx_word' id='word_1_197' title='bbox 381 2555 591 2587; x_wconf 75' lang='lat' dir='ltr'>Praesens,</span> <span class='ocrx_word' id='word_1_198' title='bbox 619 2555 649 2581; x_wconf 80' lang='lat' dir='ltr'>R.</span> <span class='ocrx_word' id='word_1_199' title='bbox 696 2556 757 2582; x_wconf 83' lang='lat'><strong>660.</strong></span> <span class='ocrx_word' id='word_1_200' title='bbox 781 2564 904 2589; x_wconf 79' lang='lat' dir='ltr'>quem,</span> <span class='ocrx_word' id='word_1_201' title='bbox 930 2556 972 2589; x_wconf 91' lang='lat' dir='ltr'>C.,</span> <span class='ocrx_word' id='word_1_202' title='bbox 1001 2556 1033 2583; x_wconf 83' lang='lat' dir='ltr'>R.</span> <span class='ocrx_word' id='word_1_203' title='bbox 1061 2564 1089 2582; x_wconf 84' lang='lat' dir='ltr'>u.</span> <span class='ocrx_word' id='word_1_204' title='bbox 1119 2556 1300 2592; x_wconf 76' lang='lat' dir='ltr'>S.;qnan1,</span> <span class='ocrx_word' id='word_1_205' title='bbox 1334 2556 1384 2581; x_wconf 87' lang='grc' dir='ltr'>Μ..</span> <span class='ocrx_word' id='word_1_206' title='bbox 1413 2556 1445 2583; x_wconf 83' lang='grc' dir='ltr'>Ρ.</span> 
     </span>
     <span class='ocr_line' id='line_1_37' title="bbox 185 2599 1445 2637; baseline -0.001 -10"><span class='ocrx_word' id='word_1_207' title='bbox 185 2610 212 2627; x_wconf 80' lang='grc' dir='ltr'>ιι.</span> <span class='ocrx_word' id='word_1_208' title='bbox 234 2602 295 2627; x_wconf 83' lang='lat' dir='ltr'>Ptz.</span> <span class='ocrx_word' id='word_1_209' title='bbox 334 2601 386 2626; x_wconf 88' lang='lat' dir='ltr'>Die</span> <span class='ocrx_word' id='word_1_210' title='bbox 408 2601 495 2627; x_wconf 83' lang='lat' dir='ltr'>Vcrsc</span> <span class='ocrx_word' id='word_1_211' title='bbox 515 2599 567 2627; x_wconf 67' lang='lat'>664</span> <span class='ocrx_word' id='word_1_212' title='bbox 588 2609 614 2627; x_wconf 88' lang='grc' dir='ltr'>ιι.</span> <span class='ocrx_word' id='word_1_213' title='bbox 643 2602 694 2628; x_wconf 81' lang='grc'>665</span> <span class='ocrx_word' id='word_1_214' title='bbox 716 2601 815 2627; x_wconf 75' lang='lat' dir='ltr'>felilcn</span> <span class='ocrx_word' id='word_1_215' title='bbox 838 2603 864 2628; x_wconf 87' lang='lat' dir='ltr'>in</span> <span class='ocrx_word' id='word_1_216' title='bbox 897 2603 950 2628; x_wconf 80' lang='lat' dir='ltr'>den</span> <span class='ocrx_word' id='word_1_217' title='bbox 972 2604 1141 2637; x_wconf 78' lang='lat' dir='ltr'>Ausgaben.</span> <span class='ocrx_word' id='word_1_218' title='bbox 1178 2603 1237 2630; x_wconf 76' lang='lat'><strong>670.</strong></span> <span class='ocrx_word' id='word_1_219' title='bbox 1259 2602 1445 2634; x_wconf 76' lang='lat' dir='ltr'>dominae,</span> 
     </span>
     <span class='ocr_line' id='line_1_38' title="bbox 187 2646 1445 2684; baseline 0 -12"><span class='ocrx_word' id='word_1_220' title='bbox 187 2648 227 2679; x_wconf 64' lang='lat' dir='ltr'>C..</span> <span class='ocrx_word' id='word_1_221' title='bbox 249 2647 278 2673; x_wconf 84' lang='lat' dir='ltr'>S.</span> <span class='ocrx_word' id='word_1_222' title='bbox 295 2655 322 2672; x_wconf 86' lang='lat' dir='ltr'>u.</span> <span class='ocrx_word' id='word_1_223' title='bbox 345 2647 406 2673; x_wconf 73' lang='grc' dir='ltr'>Ρη.</span> <span class='ocrx_word' id='word_1_224' title='bbox 444 2648 504 2673; x_wconf 76' lang='grc'><strong>677.</strong></span> <span class='ocrx_word' id='word_1_225' title='bbox 525 2646 584 2676; x_wconf 84' lang='lat' dir='ltr'>cuj</span> <span class='ocrx_word' id='word_1_226' title='bbox 597 2655 639 2672; x_wconf 85' lang='lat' dir='ltr'>us</span> <span class='ocrx_word' id='word_1_227' title='bbox 660 2650 730 2672; x_wconf 70' lang='lat' dir='ltr'>stan</span> <span class='ocrx_word' id='word_1_228' title='bbox 751 2649 885 2682; x_wconf 69' lang='lat' dir='ltr'>citius,</span> <span class='ocrx_word' id='word_1_229' title='bbox 904 2649 945 2682; x_wconf 60' lang='grc' dir='ltr'>Ρ.ἲ</span> <span class='ocrx_word' id='word_1_230' title='bbox 966 2649 1059 2675; x_wconf 60' lang='lat' dir='ltr'>falsa-h</span> <span class='ocrx_word' id='word_1_231' title='bbox 1082 2649 1213 2684; x_wconf 80' lang='lat' dir='ltr'>gclescn.</span> <span class='ocrx_word' id='word_1_232' title='bbox 1249 2649 1310 2675; x_wconf 71' lang='lat'><strong>678.</strong></span> <span class='ocrx_word' id='word_1_233' title='bbox 1333 2648 1445 2673; x_wconf 79' lang='lat' dir='ltr'>dante</span> 
     </span>
     <span class='ocr_line' id='line_1_39' title="bbox 185 2692 724 2727; baseline 0.002 -9"><span class='ocrx_word' id='word_1_234' title='bbox 185 2696 254 2718; x_wconf 73' lang='lat' dir='ltr'>stau</span> <span class='ocrx_word' id='word_1_235' title='bbox 275 2696 422 2727; x_wconf 75' lang='lat' dir='ltr'>tantae,</span> <span class='ocrx_word' id='word_1_236' title='bbox 442 2693 473 2719; x_wconf 83' lang='lat' dir='ltr'>P.</span> <span class='ocrx_word' id='word_1_237' title='bbox 496 2692 724 2719; x_wconf 66' lang='lat' dir='ltr'>Sclnrcibschler.</span> 
     </span>
    </p>
   </div>
  </div>
 </body>
</html>
