1702 2939
788 198 1103 243 -186-

801 317 1080 358 Sisinnius.

259 386 467 442 Supplicia
496 399 577 427 non
607 386 782 427 metuis?
813 387 1062 436 Adinovebo,
1095 386 1201 440 quod
1232 386 1447 427 horrescis.
1462 386 1517 441 ⁸⁴)

839 455 1048 495 Hirena.

259 524 462 578 Quicquid
492 525 692 577 irrogabis
723 525 898 572 advorsi,
931 523 1103 564 evadam
1128 524 1337 577 juvamine
1367 523 1529 565 Christi.

811 593 1092 633 sisinnius.

259 662 425 703 Faciam
455 664 495 703 te
527 663 578 702 ad
608 663 781 717 lupanar
811 663 904 703 duci
936 675 1164 716 corpusque
1195 663 1308 703 tuum
1324 662 1499 716 turpiter
1520 660 1627 702 coin-

261 731 430 783 quinari.

837 788 1050 828 Hirena.

258 856 407 897 Melius
448 859 522 903 est,
563 860 609 897 ut
647 870 793 911 corpus
834 859 1150 910 quibuscumque
1190 856 1348 910 injuriis
1387 856 1627 905 maculetur,

260 939 380 980 quam
410 927 543 967 anima
573 927 691 967 idolis
722 928 939 981 polluatur.

806 995 1086 1036 sisinnius.

261 1062 302 1103 Si
338 1064 447 1103 socia
478 1064 557 1103 eris
588 1065 866 1114 meretricum,
898 1078 977 1104 non
1008 1064 1161 1118 poteris
1192 1064 1348 1118 polluta
1383 1064 1494 1104 ultra
1522 1062 1631 1104 intra

260 1133 573 1172 contubernium
605 1134 829 1187 computari
856 1134 1074 1185 virginum.

840 1201 1053 1242 Hirena.

262 1269 464 1322 Voluptas
496 1270 604 1323 parit
633 1283 824 1324 poenam,
864 1271 1089 1312 necessitas
1134 1274 1270 1311 autem
1310 1282 1510 1320 coronam,
1554 1283 1632 1310 nec

264 1339 412 1379 dicitur
442 1344 593 1389 reatus,
625 1341 701 1379 nisi
732 1341 838 1393 quod
871 1340 1073 1380 consentit
1102 1340 1271 1380 animus.

808 1408 1089 1449 sisinnius.

262 1477 436 1521 Frustra
466 1478 694 1531 parcebam,
726 1478 879 1517 frustra
909 1477 1132 1518 miserebar
1161 1477 1282 1530 hujus
1311 1476 1518 1516 infantiae.

837 1546 1056 1586 Milites.

263 1613 585 1665 Praescivimus3
617 1615 851 1655 nullatenus
874 1615 926 1654 ad
944 1615 1112 1655 deorum
1138 1615 1337 1655 culturam
1357 1614 1494 1668 potest
1511 1613 1631 1662 flecti,

263 1696 340 1724 nee
370 1687 528 1723 terrore
558 1697 749 1737 umquam
779 1687 916 1738 potest
947 1684 1094 1736 frangi.

817 1753 1098 1794 Sisinnius.

265 1821 356 1864 Non
386 1822 495 1862 ultra
525 1834 701 1875 parcam.

838 1878 1058 1918 Milites.

266 1935 452 1975 Rectum.

804 1991 1090 2032 Sisinnius.

269 2060 409 2114 Capite
441 2061 551 2100 illam
581 2062 668 2100 sine
698 2062 958 2101 miseratione
989 2064 1041 2108 et,
1082 2060 1293 2102 trahentes
1332 2073 1423 2101 cum
1462 2059 1635 2100 crudeli-

268 2135 364 2179 tate,
397 2130 531 2169 ducite
562 2130 614 2169 ad
645 2131 817 2183 lupanar
849 2131 936 2168 sine
967 2130 1142 2169 honore!

840 2198 1060 2238 Hirena.

267 2266 358 2307 Non
390 2267 630 2319 perducent.

817 2335 1101 2375 Sisinnius.

271 2404 373 2451 Quis
404 2405 621 2458 prohibere
651 2405 831 2458 poterit?
849 2404 902 2456 ³⁵)

846 2473 1061 2513 Hirena.

272 2542 355 2588 Qui
384 2542 577 2582 mundum
607 2542 669 2581 sui
699 2542 958 2596 providentia
987 2541 1107 2593 regit.

307 2678 354 2709 ³2·
375 2678 602 2719 horrescpu,
624 2678 655 2704 C.
677 2687 703 2707 ιι,
728 2677 756 2703 S.
780 2677 891 2712 (Reimj
929 2677 977 2710 35)
997 2678 1142 2710 potest,
1165 2675 1194 2704 C.
1216 2683 1243 2702 u.
1263 2674 1292 2702 S.
1311 2674 1438 2710 (Κεῖαι.)
