1702 2939
627 225 912 267 —21-..

212 347 422 395 Abiathar‚
456 358 575 398 quem
601 345 685 397 jam
715 343 889 390 memini,
922 344 995 383 sub
1026 344 1119 395 lege
1152 343 1341 383 sacerdos

210 417 438 456 Ascensum
469 414 670 466 graduum
701 412 936 451 conscendit
967 424 1141 464 namque
1172 414 1392 466 superbum

206 485 377 524 Praesul
409 487 449 522 et
479 482 629 521 astanti
661 482 820 520 dicebat
851 481 947 520 talia
977 482 1107 533 plebi:

263 552 356 602 „Ex
388 566 464 604 quo
498 554 773 590 constructum
805 550 940 589 fuerat
969 551 1203 602 praenobile
1228 551 1421 604 templum

92 621 187 663 415.
206 622 347 671 „Istud
378 635 451 673 per
482 620 619 672 magni
650 619 760 671 regis
793 619 971 658 studium
1003 619 1239 669 Salomonis,

206 690 285 740 „Ut
316 691 438 738 sritis,
470 703 569 728 vere
599 691 838 728 manserunt
868 702 1029 741 semper
1059 689 1099 727 in
1129 689 1197 728 illo

209 759 382 809 „Forma
415 758 653 810 conspicuae
684 758 822 797 vultus
853 761 987 797 aetate
1010 759 1187 797 tenellae

208 828 365 878 „Natae
395 827 589 866 nobilium
620 827 772 866 famoso
805 827 988 878 germine
1019 840 1164 879 regum

205 899 366 949 „Atque
398 896 665 944 sacerdotum,
697 898 836 934 vatum
868 896 1102 949 pariterque
1133 896 1324 948 priorum,

93 966 186 1007 420.
206 966 347 1015 „Quae
379 966 562 1004 celebres
595 965 698 1004 omni
730 965 872 1004 merito
903 978 1091 1004 mansere
1123 965 1295 1017 popello.

211 1035 358 1084 „Certe
388 1035 572 1087 perfecta
603 1035 675 1072 sed
705 1048 800 1073 mox
830 1037 965 1073 aetate
996 1037 1175 1087 recepta,

208 1104 483 1157 „Conjugibus
514 1106 651 1157 taptae
685 1104 897 1155 condignis
929 1106 1023 1142 sunt
1054 1103 1243 1150 sociatae,

205 1173 359 1223 „Multo
390 1173 603 1224 magisque
634 1172 720 1211 Deo
751 1173 993 1224 placuerunt
1023 1185 1184 1225 semper
1215 1173 1264 1212 ab
1295 1172 1375 1211 illo.

206 1242 346 1291 „More
378 1242 450 1280 sed
480 1241 640 1280 insolito
673 1244 812 1294 sperat
843 1255 886 1280 se
917 1242 1035 1293 virgo
1066 1241 1198 1281 Maria

100 1309 194 1352 425.
212 1311 363 1360 „Posse
393 1311 557 1363 placere
588 1310 666 1349 tuis
695 1311 854 1350 Domini
884 1324 956 1363 pro
987 1311 1147 1350 nomine
1178 1310 1337 1364 spretis.

209 1380 364 1429 „Nunc‚
397 1379 580 1432 quianon
611 1382 779 1427 constat,
811 1383 950 1419 votum
990 1394 1033 1419 se
1074 1380 1250 1419 reddere
1288 1380 1457 1427 tantum,

206 1450 389 1499 „Restat‚
421 1451 466 1488 ut
495 1448 772 1488 Altithronum
801 1450 990 1502 precibus
1022 1449 1145 1501 digne
1176 1448 1412 1501 rogitemus,

206 1518 285 1565 „Ut
312 1531 385 1557 nos
417 1518 523 1556 forte
555 1517 636 1556 suis
668 1518 792 1557 faciat
823 1531 1072 1570 cognoscere
1099 1519 1237 1572 jussis,

204 1586 347 1635 „Hanc
379 1587 471 1637 quia
501 1586 625 1637 legali
655 1587 716 1624 sas
747 1587 799 1625 sit
829 1600 919 1625 cum
949 1587 1116 1626 foedere
1143 1587 1301 1640 jungi.“

90 1654 184 1695 430.
317 1655 405 1694 Tali
436 1655 601 1694 consilio
633 1668 873 1694 consensum
903 1656 1031 1708 plebis
1062 1657 1222 1709 adepto,

207 1723 366 1764 Sortem
395 1724 606 1776 pontifices
637 1725 833 1764 miserunt
863 1725 1046 1778 primitus
1078 1738 1216 1765 omnes

203 1792 319 1831 Inter
349 1804 521 1844 namque
552 1793 680 1832 tribus
712 1793 907 1833 Israhelis
940 1795 1161 1842 duodenas,

200 1861 316 1906 Quae
346 1875 442 1901 mox
473 1862 684 1913 egregiam
715 1863 846 1903 Judae
878 1864 1014 1916 signat
1044 1864 1131 1903 sore
1163 1864 1338 1916 dignam.

204 1930 295 1976 Qua
326 1931 541 1982 designata
571 1944 669 1984 prae
702 1932 856 1972 cunctis
888 1933 1042 1973 scilice.
1072 1946 1165 1981 una,

90 1997 470 2052 435.P12aecepere‚
501 2000 610 2039 viros
642 2002 824 2053 ejusdem
855 2002 1048 2054 germinis
1080 2016 1230 2051 omneS,

202 2068 314 2113 Quos
346 2069 432 2107 sine
465 2070 704 2122 conjugibus
736 2071 833 2110 fecit
864 2072 1086 2111 consistere
1118 2084 1248 2120 casm,

202 2136 403 2176 Collectos
436 2151 534 2189 ergo
567 2151 811 2179 concurrere
843 2141 928 2180 sole
960 2141 1138 2180 secundo

201 2206 256 2245 Et
284 2207 468 2245 manibus
499 2207 638 2258 virgas
671 2209 829 2248 dextris
861 2210 1047 2249 conferre
1078 2210 1273 2250 novellas.

313 2275 389 2315 His
420 2276 544 2327 igitur
576 2278 730 2317 cunctis
764 2283 846 2318 toto
878 2279 1086 2319 conamine
1117 2279 1246 2328 lectis,

86 2342 180 2383 440.
198 2344 378 2384 Advenit
409 2345 557 2397 dignus
589 2347 723 2386 senior
755 2348 908 2402 Joseph
939 2349 1114 2389 sociatus

206 2413 306 2462 Illis,
338 2415 548 2453 incurvam
578 2422 743 2469 portans
775 2419 847 2457 sub
879 2418 1011 2458 indice
1042 2419 1210 2470 virgam.

200 2482 258 2522 At
286 2496 385 2522 vero
417 2497 594 2523 summus
624 2487 763 2537 virgas
795 2488 974 2528 tollendo
1005 2488 1195 2527 sacerdos

120 2615 179 2643 425.
204 2617 318 2649 placi-re
342 2618 447 2652 viris,
471 2620 500 2645 C.
516 2619 588 2646 u.S.
609 2620 666 2648 4:30.
691 2625 964 2658 consensuum..
980 2626 1019 2652 P..
1035 2625 1445 2660 C.u.S.4.31.pontificls‚

206 2663 244 2688 M.
266 2673 293 2691 ιι.
322 2664 351 2689 P.
389 2664 485 2702 lisa(
543 2668 652 2704 >Jis7
679 2669 729 2705 (Ἐς
761 2670 859 2705 Piis,
887 2671 915 2699 S.
954 2671 1013 2700 4²1.
1035 2673 1088 2701 sub
1109 2673 1256 2705 indice,
1280 2672 1338 2707 M.;
1359 2674 1386 2701 in
1407 2673 1437 2702 P.

204 2712 400 2740 nnbcstimmt.
