1702 2939
583 269 642 276 —-
699 243 781 286 201
842 269 900 276 —-

535 360 937 401 Andronichus.

57 431 315 471 Maturemus
333 443 535 483 gressum,
557 431 663 470 forte
695 444 739 470 re
755 431 813 482 2³)
844 429 1073 484 experieris
1088 429 1128 470 in
1149 429 1430 483 perventione,

62 501 169 554 quod
201 500 351 539 asseris
382 502 423 540 te
453 500 586 540 minus
616 500 873 551 intellegere.

596 637 883 678 Johannes

56 706 107 746 In
137 706 298 746 nomine
343 705 506 755 Christi,
547 707 645 759 quid
685 709 748 746 est
778 707 866 755 hoc,
907 706 1014 758 quod
1053 706 1173 746 video
1212 706 1429 747 miraculi?

61 775 182 824 Ecce,
214 778 356 828 aperto
387 776 604 828 sepulchro
637 788 784 828 corpus
814 775 1043 814 Drusianae
1085 776 1196 814 foras
1229 778 1292 815 est
1323 777 1429 828 ejec-

53 847 150 893 tum,
167 844 222 897 24)
255 845 376 897 juxta
418 845 524 897 qnod
560 846 702 898 jacent
733 845 811 884 duo
852 844 1068 893 cadavera,
1109 845 1303 901 amplexu
1344 858 1429 884 ser-

53 927 78 967 p
87 913 191 953 entis
223 914 498 953 circumflexa.

546 971 938 1011 Andronichus.

56 1038 264 1092 Conjecto‚
297 1040 394 1092 quid
425 1039 639 1092 significet.
699 1039 743 1078 Is
772 1041 860 1093 ipse
887 1039 1143 1080 Calimachus
1174 1039 1430 1088 Drusianam,

58 1109 153 1147 dum
183 1109 357 1157 viveret,
389 1109 540 1148 inlicite
572 1109 736 1156 amavit,
779 1109 887 1161 quod
925 1109 995 1148 illa
1036 1122 1162 1160 aegre
1205 1109 1356 1157 ferens,
1388 1109 1429 1148 in

53 1178 211 1216 febrem
240 1190 341 1231 prae
372 1177 537 1217 tristitia
574 1178 716 1217 incidit
747 1182 788 1217 et
818 1180 1000 1228 mortem,
1032 1180 1078 1217 ut
1109 1177 1337 1225 adveniret,
1368 1177 1427 1216 in-

57 1246 214 1286 vitavit.

592 1303 882 1344 Johannea

51 1372 143 1412 Hoc
174 1385 286 1413 amor
317 1372 515 1412 castitatis
548 1373 693 1425 coegit.

541 1442 936 1482 Andronichus.

51 1509 151 1550 Post
181 1511 297 1563 cujus
329 1523 519 1550 occasum
548 1510 614 1549 hic
636 1523 788 1560 amens,
820 1511 994 1550 infelicis
1016 1511 1288 1563 languuorem
1320 1522 1427 1550 amo-

57 1579 114 1617 ris
146 1582 187 1619 et
216 1579 358 1631 negati
399 1580 578 1618 taedium
618 1580 930 1631 conglomerans
971 1580 1151 1628 sceleris,
1190 1580 1428 1621 tabescebat

57 1648 189 1688 animo
223 1661 351 1700 eoque
381 1649 513 1700 magis
545 1649 746 1687 desiderio
778 1650 1003 1688 aestuabat.

594 1717 879 1757 Johannes

53 1772 302 1814 Miserabile.

543 1831 936 1871 Andronichus.

54 1899 145 1939 Non
177 1900 349 1952 ambigo,
381 1900 477 1952 quin
518 1900 625 1939 hunc
655 1901 869 1953 inprobum
910 1914 1076 1940 servum
1114 1900 1304 1939 mercede
1336 1913 1428 1939 con-

55 1969 236 2017 duceret,
268 1983 346 2022 quo
377 1970 435 2008 illi
466 1970 657 2023 patrandi
689 1970 943 2009 occasionem
975 1969 1166 2009 facinoris
1197 1970 1427 2022 praeberet.

599 2038 886 2077 Johanncs

51 2105 84 2146 O
117 2107 236 2146 nefas
268 2107 604 2161 incomparabile!

547 2176 945 2215 Andronichus.

52 2242 151 2284 Ideo
183 2246 311 2294 ambo,
357 2248 403 2285 ut
433 2246 565 2294 video,
596 2247 727 2284 morte
758 2248 853 2284 sunt
884 2245 1122 2298 consumpti,
1153 2258 1205 2284 ne
1238 2244 1427 2284 effectum

51 2313 384 2354 administrarent
414 2315 572 2354 sceleri.

598 2383 880 2422 Johanncs

52 2438 137 2478 Nec
168 2439 326 2492 injuria.

539 2497 938 2537 Andronichus-

53 2562 102 2602 In
132 2565 208 2605 hoc
238 2569 373 2605 tamen
405 2566 505 2605 illud
537 2570 599 2606 cst
630 2567 698 2605 vel
714 2566 768 2619 25)
800 2566 976 2605 maxime
1007 2565 1308 2614 admirandum,
1356 2578 1428 2604 cur

83 2676 133 2710 ⁴23)
153 2685 206 2709 re,
233 2677 307 2703 fehlt
327 2679 354 2703 In
376 2679 407 2706 C.
429 2687 456 2704 u.
477 2678 507 2706 S.
545 2678 594 2713 22]
618 2679 780 2710 abjectu
792 2687 834 2713 m⁷
865 2679 894 2705 (“.
920 2687 948 2704 u.
975 2678 1004 2705 S.
1041 2680 1092 2713 25)
1113 2678 1152 2706 M.
1172 2678 1221 2704 hat
1248 2678 1302 2712 nl,
1330 2677 1425 2711 (dasl

157 2723 207 2748 mit
230 2725 323 2750 einem
344 2723 487 2751 flectirten
513 2723 626 2759 Sn-ith)
646 2725 710 2751 also
730 2725 787 2759 vel,
809 2725 866 2759 Mg.
891 2725 933 2750 las
954 2727 999 2751 ut.
