1702 2939
776 232 1097 274 —102—

265 349 357 392 125.
379 350 597 402 „Turpiter
625 350 779 401 absque
809 361 921 388 mora
949 349 1096 401 peries,
1128 348 1359 387 dulcissima
1385 348 1543 401 proles!

428 418 545 463 Quae
575 430 680 462 nam,
712 417 921 456 consilium
951 417 1112 469 penitus
1141 417 1371 469 spernendo
1388 418 1614 470 paternum,

369 486 498 525 Vultu
527 485 707 524 mordaci
737 485 899 537 proprio
931 486 1035 524 (lixit
1062 485 1258 536 genitori:

371 554 440 602 „Si
472 554 675 606 complere
703 567 837 592 meum
868 554 1050 592 tardabis
1079 554 1256 605 denique
1285 556 1436 602 votum,

370 620 630 675 „Comperies
660 622 809 660 claram
841 622 957 660 citius
985 622 1140 674 prolem
1167 624 1440 662 morituram.“

260 689 351 730 130.
375 690 490 729 Tune
517 690 664 737 senior,
693 703 774 728 non
805 694 960 742 sponte,
992 690 1111 729 minis
1141 690 1327 729 devictus
1355 690 1514 740 amaris,

374 758 619 798 Tradiderat
645 759 793 797 sobolis
822 771 942 797 servo
971 758 1173 797 consortia
1201 759 1342 806 dulcis,

368 825 612 866 Condonans
640 827 948 865 substantiolam
975 827 1129 878 pariter
1155 826 1375 878 pretiosam

369 894 494 948 Ipsis,
526 895 619 934 hinc
647 895 778 934 animo
805 898 927 933 natae
955 895 1115 934 dicebat
1142 907 1299 934 amaro:

369 962 557 1010 ‚.Inselix‚
586 976 665 1002 non
695 962 824 1001 felic-is
856 966 899 1002 tu
928 966 1023 1001 nata
1051 963 1244 1015 parentis,

256 1028 347 1070 135.
371 1031 458 1078 „Tu
488 1031 613 1070 decus
641 1035 763 1082 atque
793 1031 905 1069 dolor
933 1031 1085 1077 matris,
1115 1034 1241 1070 temet
1269 1030 1477 1083 parientis,

367 1099 536 1146 „Totius
567 1103 608 1138 et
636 1099 765 1138 nostri
792 1099 956 1149 generis
984 1099 1165 1137 confusio
1195 1099 1336 1151 turpis,

372 1165 619 1218 „Congaude
643 1169 727 1219 Jarn
756 1179 861 1205 nune
892 1180 1024 1214 servo,
1066 1167 1213 1206 misere
1241 1167 1312 1206 tibi
1343 1179 1450 1216 earo,

367 1234 448 1284 „Et
474 1238 567 1288 post
596 1235 775 1274 aeternis
802 1235 944 1288 poenis
972 1248 1159 1275 moerens
1187 1235 1406 1290 capieris!“

364 1649 469 1711 Tali
497 1671 685 1725 conjugio
719 1672 886 1710 satanae
918 1684 1008 1710 cum
1038 1671 1182 1710 fraude
1211 1673 1389 1724 peraeto,

259 1739 350 1780 140.
372 1740 589 1781 Condoluit
617 1739 814 1788 Christus,
844 1740 983 1778 mundi
1011 1740 1191 1779 salvator
1220 1740 1426 1789 amandus,

371 1809 483 1855 Quos
513 1810 603 1862 pius
632 1809 761 1848 effusa
788 1808 964 1848 salvavit
992 1809 1202 1860 sanguinis
1229 1809 1350 1858 unda,

368 1877 510 1917 Hostis
542 1878 616 1916 sub
646 1877 721 1916 diri
744 1877 888 1916 vinclis
919 1879 1059 1929 captos
1088 1877 1267 1925 retineri,

368 1945 423 1986 Et
451 1946 587 1998 placet
616 1945 814 1984 auxilium
844 1945 968 1997 lapsis
999 1947 1210 1997 praestaro
1240 1945 1472 1997 benignum.

375 2013 539 2053 Scilicet
568 2013 722 2052 erranti
749 2026 843 2052 mox
873 2017 1063 2051 narratur
1093 2013 1263 2061 mulieri,

257 2080 347 2122 145.
370 2082 489 2128 Quod
520 2095 600 2121 non
631 2081 852 2121 catholicus
881 2081 1004 2120 fuerit
1033 2081 1182 2133 conjux
1211 2081 1333 2120 miser
1364 2081 1465 2134 ejus,

366 2149 454 2189 Neo
484 2150 605 2189 limen
637 2149 775 2202 templi
805 2149 933 2188 vellet
962 2149 1066 2202 pede
1098 2153 1270 2201 tangere
1301 2149 1442 2198 saneti,

370 2217 423 2257 Se
456 2218 550 2270 quia
581 2218 783 2271 serpentis
808 2217 891 2270 juri
922 2218 1111 2257 tradebat
1140 2218 1266 2266 avari,

371 2285 496 2325 Sacra
527 2299 684 2338 negans
716 2288 853 2325 sectae
885 2285 990 2334 fidei,
1022 2299 1167 2326 nomen
1199 2300 1357 2338 quoque
1389 2285 1548 2326 Christi.

372 2352 496 2402 Quae,
528 2368 584 2393 se.
603 2355 827 2407 dec-eptam,
859 2366 1121 2404 cognoscens,
1154 2368 1244 2394 esse
1276 2355 1484 2403 misellam,

259 2420 349 2462 150.
369 2422 547 2461 Auribus
578 2423 744 2462 intentis
774 2423 820 2461 ut
849 2421 978 2460 sensit
1006 2424 1134 2461 verba
1163 2423 1376 2474 loquentis,

368 2489 418 2528 In
448 2492 600 2529 terram
631 2490 788 2540 cecidit,
818 2490 1008 2531 membris
1040 2490 1280 2531 tremefacta
1309 2490 1464 2539 solutis,

293 2648 350 2674 125.
370 2647 507 2680 parles,
527 2646 570 2679 P„
585 2646 616 2672 C.
636 2653 664 2673 u.
681 2645 710 2671 S.
752 2645 806 2673 127.
827 2646 942 2680 Men,
973 2647 1002 2673 C.
1023 2656 1051 2674 u.
1073 2646 1102 2674 S.
1160 2647 1217 2675 ¹37.
1246 2647 1494 2681 congaudet,
1529 2645 1560 2673 c.
1585 2653 1616 2674 u.

371 2691 401 2719 S.
424 2692 835 2728 2⁴2.·ubdir1‚1‘.,c.,u.
856 2691 884 2719 S.
