1702 2939
660 213 976 257 —349—

247 332 468 386 Temperat
499 335 620 385 atque
652 346 770 372 suum
801 346 881 372 non
913 336 1028 372 sueto
1059 345 1171 372 more
1202 331 1395 380 volatum,

129 401 225 442 270.
247 402 394 442 Posset
424 405 469 442 ut
499 415 642 442 aereos
675 402 828 442 directo
860 403 1022 442 tramite
1054 402 1189 441 sulcos

247 470 348 512 Cum
379 472 498 513 sociis
530 472 755 524 gradiendo
788 471 903 523 sequi
931 471 1178 523 virguncula
1209 469 1371 512 Christi.

244 541 426 594 Cumque
459 542 644 581 columba
673 541 807 580 locum
837 541 1015 580 volitans
1045 541 1230 581 venisset
1260 542 1311 580 ad
1341 543 1468 591 illum,

242 612 377 658 Quem
406 624 515 651 nunc
544 624 624 650 non
656 611 838 650 sterilem
866 610 1026 662 magnis
1066 610 1214 650 scimus
1245 611 1334 650 fore
1364 613 1492 666 petris

240 681 507 721 Descendens
538 688 691 719 terram
720 684 853 718 rostro
885 682 1149 732 percusserat
1177 679 1301 728 illam,

125 749 221 791 275.
244 750 328 790 Sub
361 752 477 803 cujus
508 749 666 801 lapides
697 748 909 787 latuerunt
939 761 1096 799 aggere
1127 749 1278 802 plureS.

241 820 331 866 Quo
363 822 477 859 certa
507 819 595 857 viso
628 816 779 857 Christi
810 817 1049 868 dignissima
1078 818 1198 869 virgo

237 889 474 928 Emundare
503 887 637 926 locum
667 886 796 925 socios
827 889 1097 938 praeceperat
1125 887 1269 939 ipsum,

238 958 497 1009 Tellurisque
528 968 700 1008 gravem
729 955 919 994 fodiendo
950 955 1137 994 scindere
1167 957 1325 997 molem.

238 1026 329 1072 Quo
361 1027 481 1075 facto,
512 1026 750 1078 praestante
781 1024 848 1077 pia
875 1024 1056 1063 bonitate
1088 1038 1278 1078 superna,

123 1094 217 1136 280.
237 1095 363 1148 Copia
392 1107 636 1146 magnarum
664 1096 914 1133 monstratur
945 1093 1074 1132 multa
1103 1099 1331 1147 petrarum,

236 1165 356 1206 Unde
386 1163 623 1203 monasterii
653 1176 745 1202 cum
774 1163 924 1215 templo
954 1164 1114 1202 moenia
1145 1165 1279 1217 coepti

1494 644 1505 663 7

237 1233 382 1274 Omnia
410 1232 625 1271 materiam
654 1234 825 1283 possent
854 1232 1033 1271 traxisse
1064 1233 1277 1285 petrinam.

234 1303 344 1343 Hine
373 1303 505 1353 magis
536 1304 658 1352 atque
689 1300 820 1351 magis
850 1302 934 1340 toto
967 1302 1177 1341 conamine
1207 1304 1354 1344 mentis

231 1373 430 1412 Factores
462 1370 614 1423 templi,
644 1369 805 1409 Domini
835 1371 908 1409 sub
940 1371 1094 1410 honore
1129 1374 1330 1423 sacrandi,

116 1441 211 1483 285.
234 1442 452 1481 Instabam:
483 1439 598 1492 operi
626 1452 722 1478 mox
752 1440 872 1478 nocte
904 1439 1051 1492 dieque
1081 1443 1250 1482 recenti.

231 1557 313 1597 Sed
345 1557 430 1596 dux
458 1554 687 1601 Liudulfus,
718 1554 871 1606 primus
904 1555 972 1607 qui
1003 1556 1188 1596 conditor
1218 1558 1306 1611 ejus

226 1627 377 1667 Extitit
408 1628 450 1665 et
480 1637 578 1664 cura
609 1624 724 1676 cujus
754 1624 955 1676 processit
986 1624 1101 1676 origo

228 1696 368 1737 Omnis
400 1698 645 1744 structurae,
675 1693 866 1745 precibus
895 1693 1158 1746 poscentibus
1189 1694 1315 1746 Odae,

224 1766 335 1806 Proh
366 1765 498 1805 dolor!
531 1764 583 1803 ad
612 1776 813 1803 summum
842 1776 923 1802 non
955 1763 1074 1803 duxit
1113 1778 1212 1817 opus
1253 1767 1491 1818 studiosum,

115 1832 210 1874 290.
237 1834 330 1883 Sed,
362 1833 562 1873 naturalis
595 1844 720 1872 saeva
749 1834 882 1872 tactus
912 1845 1015 1872 nece
1045 1834 1199 1883 mortis,

228 1902 398 1955 Cogitur
430 1906 524 1942 ante
555 1916 674 1941 suum
703 1901 870 1941 Factori
899 1902 1075 1942 reddere
1105 1903 1258 1953 flatum,

226 1973 360 2018 Quam
395 1971 583 2025 perfecta
614 1971 756 2010 domus
785 1970 946 2010 Domini
976 1971 1083 2011 foret
1112 1972 1268 2026 inclyta
1297 1989 1489 2029 prorsus3

226 2040 515 2092 Commisitque
547 2052 645 2078 suae
676 2052 796 2079 carae
826 2040 1036 2080 moriendo
1067 2042 1237 2082 relictae

223 2110 361 2161 Atque
392 2109 476 2147 suis
506 2108 624 2156 natis,
656 2108 826 2147 ducibus
858 2121 984 2161 supra
1013 2112 1260 2161 memoratis,

109 2177 204 2219 295.
228 2179 370 2218 Totius
400 2177 568 2216 infantis
598 2176 757 2229 pondus
788 2189 1008 2229 curamque
1038 2178 1201 2230 laboris,

225 2247 428 2295 Exorans,
459 2246 566 2286 votis
597 2247 642 2285 ut
672 2245 924 2299 complerent
953 2247 1145 2287 studiosis

141 2373 466 2405 270.1³.‚ssetunc‚
491 2371 543 2405 Ap.
564 2379 592 2396 u.
615 2371 691 2402 [ειη
711 2378 843 2397 aereos
864 2370 937 2397 fehlt
957 2371 984 2397 in
1006 2371 1096 2406 Lck.;
1117 2372 1329 2408 aethereos,
1350 2375 1384 2402 H.
1421 2378 1483 2405 276.

229 2422 353 2451 certo,
384 2426 440 2443 von
470 2418 521 2443 Lb.
550 2416 802 2452 vorgeschlagem
837 2426 892 2443 von
923 2418 956 2446 H.
983 2418 1219 2453 aufgenommen.
1262 2421 1322 2448 277.
1343 2423 1482 2458 socias,

232 2465 303 2492 sz.
341 2465 404 2491 ¹278.
428 2463 486 2489 Der
506 2462 577 2489 Vers
595 2470 601 2489 :
619 2461 661 2488 Et
681 2463 808 2489 molem
829 2466 955 2491 terrae
976 2465 1305 2493 circumfodiendo
1332 2476 1482 2504 secare,

229 2512 283 2536 wie
304 2510 386 2540 lirot,
410 2509 510 2535 diesen
533 2509 692 2535 Gedanken
714 2512 812 2535 zuerst
831 2511 1031 2544 ausgedn'ickt
1049 2511 1138 2547 hatte,
1158 2512 1228 2538 »τῖε-ἀ
1249 2521 1304 2539 von
1323 2512 1394 2542 Lck.
1416 2514 1479 2540 dem

227 2555 259 2584 V.
279 2556 332 2583 ‘178
361 2555 435 2581 noch
466 2558 682 2590 von-angesetzt.
721 2555 781 2585 295.
805 2556 994 2591 infantis,
1022 2558 1077 2592 Ap.
1107 2566 1136 2586 u.
1167 2558 1254 2594 [εις
1286 2559 1337 2586 Lb.
1365 2560 1480 2595 sclnffigt

227 2609 281 2628 vor
311 2603 499 2636 ingentis,
529 2602 579 2627 dns
601 2609 656 2627 von
688 2601 1103 2640 H.a1=fgenommenwurde;
1134 2604 1297 2638 infandi,
1324 2605 1405 2641 [Δις
1432 2607 1478 2632 in-

229 2648 312 2674 fans
332 2648 442 2673 kommt
466 2649 494 2673 in
513 2647 641 2674 derselb.
662 2648 832 2683 Bedeutung
852 2657 913 2683 vor,
934 2651 988 2676 wie
1009 2650 1157 2684 infandus,
1176 2660 1201 2677 z.
1220 2651 1252 2679 B.
1271 2650 1397 2688 facinus,
1415 2653 1478 2682 An.

229 2694 256 2722 b.
276 2694 352 2722 Nou.
373 2694 418 2729 56,
442 2695 472 2722 1³
491 2703 518 2721 u.
539 2694 601 2729 416,
625 2695 681 2731 13.;
707 2695 862 2722 fiberdiess
881 2694 1152 2723 infantis-laboris.
