1702 2939
601 235 915 278 -267—

679 353 852 394 Thais.

75 426 117 466 Si
145 428 292 473 tamen,
325 423 421 478 quid
452 423 630 469 fecerim,
662 423 725 461 vis
757 422 874 470 scire,
901 421 1234 461 numerositatem
1265 432 1447 459 meorum

72 494 274 534 scelerum
304 493 411 532 intra
442 491 732 531 conscientiam
773 490 889 542 quasi
930 491 971 529 in
1010 490 1251 529 fasciculum
1295 488 1443 539 collegi

73 568 114 603 et
143 562 433 615 pertractando
471 563 608 600 mente
649 573 811 612 semper
851 559 1035 612 inspexi,
1068 572 1159 611 quo,
1204 558 1309 597 sicut
1339 556 1445 595 nari-

72 633 146 670 bus
162 631 215 683 S⁶)
246 642 466 683 numquam
496 629 683 669 molestia
714 628 881 668 foetoris
900 660 909 676 ,
940 628 996 667 ita
1026 627 1198 666 formido
1230 627 1446 678 gehennae

70 713 150 739 non
182 701 348 739 abesset
377 699 532 738 visibus
564 698 709 738 cordis.

578 766 610 806 P
626 780 648 805 a
660 781 685 819 p
698 767 723 805 h
735 779 761 804 n
772 780 798 805 u
811 766 888 805 tiu
906 779 940 805 S.

71 836 176 883 Quia
206 838 247 877 te
279 836 576 889 conpunctione
607 835 771 888 punisti,
803 835 895 874 ideo
926 834 1090 874 veniam
1118 832 1315 874 meruisti.

676 903 708 944 Τ
722 904 745 942 h
759 916 781 943 a
793 903 805 943 i
818 917 848 944 S.

71 962 104 1003 O
136 963 313 1003 utinam!

586 1019 619 1058 P
631 1031 686 1071 ap
699 1018 724 1057 h
738 1032 764 1057 n
778 1032 803 1057 u
816 1021 832 1058 t
843 1018 853 1056 i
866 1032 891 1057 u
904 1031 933 1057 S.

67 1089 129 1128 Da
159 1101 335 1137 manum,
367 1089 413 1128 ut
442 1090 484 1128 te
516 1088 697 1127 educam.

663 1156 694 1195 Τ
708 1157 734 1195 h
748 1156 835 1195 ais.

68 1226 173 1275 Noli,
205 1228 323 1278 pater
354 1226 603 1274 venerande,
642 1225 726 1265 noli
764 1238 828 1263 me
871 1223 1119 1264 sordidulam
1149 1222 1211 1261 his
1241 1221 1443 1261 inmundi-

65 1295 131 1334 tiis
163 1295 415 1343 abstrahere,
448 1295 520 1333 sed
550 1295 636 1333 sine
667 1307 730 1332 me
749 1293 800 1346 ⁸⁷)
832 1293 873 1333 in
904 1293 1005 1342 loco,
1031 1293 1131 1332 meis
1162 1291 1316 1331 meritis
1349 1303 1442 1330 con-

69 1364 205 1416 digno,
237 1376 423 1402 mansum
453 1364 523 1403 ire.

584 1431 931 1484 Paphnutius.

64 1500 241 1553 Tempus
284 1504 367 1548 est,
409 1502 454 1539 ut
493 1500 675 1552 levigato
712 1500 856 1539 timore
897 1500 1067 1553 incipias
1099 1499 1225 1539 vitam
1256 1511 1439 1553 sperare,

63 1569 160 1622 quia
191 1570 250 1609 tui
280 1569 533 1622 poenitentia
564 1569 826 1622 acceptabilis
859 1572 921 1608 est
951 1569 1050 1608 Deo.

666 1649 836 1688 Thais.

61 1717 163 1770 Ejus
195 1718 338 1770 pietati
369 1717 533 1756 laudem
564 1718 700 1757 ferant
731 1731 870 1757 omnes
903 1717 1053 1770 angeli,
1087 1717 1181 1770 quia
1212 1730 1293 1756 non
1325 1729 1440 1769 spre-

60 1786 120 1825 vit
151 1787 419 1826 humilitatem
451 1786 584 1825 cordis
617 1786 791 1825 contriti.

583 1855 928 1907 Paphnutius.

59 1922 158 1962 Esto
191 1923 346 1963 stabilis
377 1923 417 1962 in
445 1924 522 1962 Dei
552 1925 696 1964 timore
729 1927 769 1963 et
798 1937 993 1977 permane
1025 1924 1064 1963 in
1099 1924 1187 1976 ejus
1208 1923 1438 1963 dilectione.

56 1991 156 2031 Post
181 1992 410 2044 quindecim
433 2005 607 2045 namque
636 1994 722 2032 dies
750 1994 952 2033 hominem
986 1994 1100 2032 exies
1123 1993 1175 2045 ⁸5)
1197 1995 1238 2031 et
1260 1993 1436 2040 tandem,

57 2060 165 2100 felici
196 2074 318 2100 cursu
348 2064 526 2113 peracto,
559 2075 738 2115 superna
755 2063 807 2115 89)
839 2063 1006 2102 favente
1038 2061 1182 2114 gratia,
1216 2061 1435 2112 transmig-

57 2129 165 2168 rabis
199 2130 250 2169 ad
283 2133 406 2168 astra.

659 2198 832 2238 Thais.

58 2266 91 2306 O
123 2267 280 2306 utinam
311 2280 493 2306 morerer
524 2280 678 2320 poenas
711 2268 902 2315 evadere,
928 2267 997 2306 vel
1029 2267 1164 2306 saltim
1196 2267 1435 2307 clementius

57 2336 176 2374 exuri
223 2336 371 2375 mitiori
410 2336 528 2387 igne!
588 2336 681 2375 Non
728 2339 792 2375 est
833 2336 956 2388 enim>=
980 2337 1055 2377 hoc
1095 2336 1174 2376 mei
1204 2336 1350 2384 meriti,
1393 2338 1438 2376 ut

57 2403 182 2443 doner
211 2404 465 2445 beatitudine
496 2404 794 2444 interminabili.

88 2584 137 2617 86)
157 2585 234 2610 sicut
264 2586 459 2618 maribus,
481 2585 510 2612 S.
549 2586 599 2612 87]
620 2586 669 2611 sed
700 2587 762 2610 sine
795 2593 866 2618 unee
902 2593 967 2611 vom
999 2585 1157 2611 snm-ibe·-
1185 2593 1357 2618 νειμ-«κω.
1396 2584 1434 2609 Es

155 2630 241 2655 sollte
263 2639 306 2655 :un
329 2630 408 2656 Eride
430 2631 481 2656 ‹lcr
501 2631 580 2656 nicht
604 2640 677 2666 ganz
697 2631 795 2657 vollen
817 2631 898 2657 Linie
922 2632 1047 2667 stellen3
1069 2632 1140 2657 fehlt
1163 2633 1189 2657 in
1215 2631 1256 2664 C,
1277 2630 1307 2656 S.
1330 2639 1358 2657 n.
1376 2629 1436 2664 Mg.

148 2677 197 2703 88*
223 2677 368 2702 hominem
391 2686 521 2711 exues,
546 2678 587 2712 C.‚
603 2678 634 2706 S,
650 2687 677 2706 u.
693 2677 771 2713 Mg.;
797 2679 909 2714 exies,
932 2678 1162 2716 vergl.Abral1.:
1184 2677 1434 2713 pertransies

158 2723 206 2756 39)
231 2731 299 2757 sup
316 2731 380 2748 rem
395 2731 423 2758 a,
448 2722 477 2753 S.
