1702 2939
390 346 465 386 Sed
498 350 588 399 quia
618 353 655 386 te
684 350 842 387 memini
875 348 1094 390 sublimiter
1125 350 1332 390 assimilari

335 460 342 469 .
389 425 492 467 Nato
522 427 663 467 famosi
696 431 801 480 regis
834 428 958 467 David
993 428 1206 481 Salomoni,

276 429 299 465 U(

306 429 328 465 U(

390 508 462 554 Qui
495 511 670 560 genitore
701 521 771 548 suo
803 515 1009 559 praesente
1033 507 1270 562 jubenteque
1302 516 1437 550 sancto

389 587 533 638 Optata
564 601 724 641 regnum
757 591 925 638 suscepit
957 601 1048 638 pace
1079 596 1296 642 paternum,

391 667 520 718 Ipsius
553 668 725 718 exemplo
755 674 792 707 te
824 675 1049 707 contentum
1082 667 1168 711 sore
1199 680 1338 719 sper03

389 747 462 794 Qui
495 761 579 787 cum
612 749 808 801 regnando
840 750 1028 788 resideret
1059 751 1096 787 in
1129 762 1216 788 arce
1246 750 1426 801 superba,

274 825 341 868 60.
390 827 602 867 Prudenter
628 828 754 881 legum
787 830 956 868 condens
987 830 1139 868 decreta
1170 842 1366 868 sacrarum

389 908 445 947 Ac
475 915 681 959 penetrans
712 910 843 948 animo
874 921 1000 947 rerum
1035 915 1184 949 secreta
1213 908 1421 960 profundo,

386 986 499 1028 Nunc
530 988 622 1028 libet
653 994 690 1027 et
719 990 892 1027 minimis
923 995 1090 1028 mentem
1122 988 1252 1028 laxare
1281 990 1489 1041 rimandis,

386 1067 460 1107 Sed
494 1081 563 1107 nec
594 1068 810 1108 conflictum
843 1068 995 1107 fastidit
1026 1071 1101 1110 rite
1132 1070 1294 1108 duarum

385 1147 544 1187 Solvere
568 1146 706 1202 judicii
739 1148 849 1188 celeri
881 1149 1105 1188 discrimine
1135 1151 1242 1202 recti,

272 1226 338 1270 65.
387 1227 542 1269 Prolem
575 1231 727 1267 restitui
760 1241 872 1267 verae
903 1229 1094 1268 mandans
1125 1230 1314 1281 genitrici.

383 1307 487 1347 Hinc
515 1307 676 1358 supplex
707 1314 743 1347 te
774 1320 892 1359 posco
925 1310 1078 1361 quidem
1111 1316 1284 1349 nostrum
1316 1307 1586 1357 Salomonem3

381 1386 430 1427 Et
462 1387 549 1427 licet
580 1390 734 1438 imperii
767 1391 935 1427 tenearis
968 1388 1201 1428 sollicitandi

384 1466 499 1517 Cura,
531 1468 703 1521 digneris
736 1475 864 1508 tamen
897 1475 934 1508 et
964 1473 1144 1519 propriae
1175 1468 1356 1509 monialis

379 1546 568 1588 Ludendo
601 1550 744 1589 seriem
776 1561 876 1589 nune
907 1548 1080 1588 lectitare
1109 1555 1314 1599 recentem,

268 1626 337 1669 70.
384 1626 468 1674 Quo
501 1627 601 1668 male
632 1632 859 1679 compositis
891 1630 1020 1669 verbis
1051 1641 1141 1669 mox
1171 1630 1324 1669 decidat
1355 1630 1483 1670 omnis

381 1707 608 1761 Rusticum,
641 1711 719 1749 oris
751 1710 988 1749 detractibus
1020 1709 1246 1762 imperialis>

378 1786 560 1828 Nominis
592 1795 629 1829 et
657 1789 768 1829 tituto
798 1792 954 1842 signata
986 1792 1041 1829 tui
1073 1791 1294 1830 venerando

377 1868 594 1920 Despectus
625 1872 746 1910 nimia
777 1872 903 1909 meriti
937 1875 1115 1909 tueantur
1145 1870 1193 1910 ab
1224 1883 1330 1910 aura.

297 2025 340 2051 m.
369 2025 375 2054 ἱ
389 2034 403 2051 ιι
415 2026 430 2050 (Ι
442 2026 447 2050 i
459 2030 467 2050 t
478 2027 516 2051 ii.
537 2025 630 2060 M.,1’.
645 2035 671 2054 u.
685 2027 763 2059 Ptz.;
783 2030 865 2052 »onst
878 2027 925 2052 hat
937 2028 987 2053 der
1003 2027 1352 2058 cod-'iberamjudicium.
1371 2028 1421 2062 69]
1442 2027 1462 2052 L
1475 2035 1541 2061 nge
1554 2027 1631 2060 ndo⁷

370 2071 408 2098 M.
431 2080 458 2096 ιι.
479 2072 531 2106 1‘.;
559 2072 863 2106 Tamum-arreum
894 2074 935 2106 C„
962 2073 991 2099 5.
1015 2082 1042 2099 ιι.
1063 2073 1093 2099 R.
1133 2075 1174 2100 71.
1196 2074 1230 2099 de
1260 2074 1416 2108 tractibus=
1439 2074 1480 2107 C„
1499 2073 1528 2099 S.
1550 2082 1566 2099 u
1599 2073 1631 2099 R.
