1702 2939
642 225 960 267 —149—

627 340 657 382 C
670 355 690 380 o
703 355 729 379 n
742 354 760 379 s
773 343 790 380 t
801 353 824 379 a
837 344 893 380 nt
907 341 919 379 i
931 353 965 380 a.

107 414 317 467 Expaveo.
378 411 487 457 Quid
518 412 592 459 est,
624 410 785 450 domine
818 410 871 448 mi
886 412 905 449 ¹?

598 478 1037 519 Constantinus..

113 551 236 603 Piget
264 549 414 597 dicere,
443 561 495 587 ne
528 547 792 588 contristeris.

630 615 659 655 C
675 630 696 656 o
707 630 733 654 n
746 619 792 655 st
805 628 828 654 a
839 629 865 654 n
877 615 960 654 tia.

117 687 248 728 Multo
279 686 410 738 magis
443 686 673 733 contristor,
705 685 740 723 si
769 697 849 723 non
882 684 1048 723 dixeris.

603 753 1008 793 Constantinus.

114 825 356 866 Gallicanus
388 824 484 872 dux,
517 823 581 862 cui
606 823 801 874 frequens
841 835 1058 860 successus
1088 820 1384 873 triumphorum
1410 819 1493 873 pri-

112 909 222 935 mum
251 894 358 933 inter
388 892 594 945 principes
635 891 846 943 dignitatis
885 890 1105 942 adquisivit
1143 889 1327 941 gradum,
1358 889 1492 941 cujus-

115 977 193 1016 que
226 976 301 1015 ope
332 961 569 1014 saepissime
596 960 826 1011 indigemus
854 959 906 997 ad
933 959 1213 998 defensionem
1229 958 1400 1011 patriae,
1423 988 1431 996 .
1445 988 1452 996 .
1467 988 1475 996 .
1487 988 1495 997 .

635 1027 664 1068 C
678 1042 698 1067 0
708 1042 733 1066 n
746 1041 764 1066 s
776 1031 792 1068 t
805 1041 827 1067 a
839 1042 865 1067 n
876 1028 916 1067 ti
930 1040 964 1067 a.

117 1100 226 1146 Quid
255 1099 323 1138 ille
336 1099 355 1138 t>

598 1163 1008 1205 Constantinus.

116 1237 352 1278 Desiderat·
368 1238 409 1276 te
439 1247 633 1288 sponsam
662 1235 845 1273 habitum
875 1233 948 1272 ire.

643 1301 674 1342 C
688 1316 708 1342 o
721 1316 747 1341 n
761 1316 779 1341 s
792 1305 808 1341 t
819 1315 877 1341 an
890 1302 971 1342 tia.

118 1375 187 1415 Me
200 1376 219 1414 ἱ)

602 1439 1015 1481 Constantinus.

123 1513 193 1552 Te.

642 1576 672 1618 C
687 1591 708 1617 o
721 1591 747 1616 n
758 1591 776 1616 s
788 1579 803 1616 t
816 1589 838 1616 a
849 1590 876 1615 n
888 1578 905 1616 t
916 1577 928 1615 i
940 1589 974 1616 a.

119 1649 277 1688 Mallim
301 1649 334 1673 ¹¹
352 1650 385 1701 a)
416 1647 528 1688 mori.

132 1712 142 1719 ’
609 1713 1024 1755 Constantinus.

123 1785 344 1826 Praescivi.

643 1850 673 1891 C
687 1865 707 1890 o
720 1864 747 1890 n
759 1865 778 1889 s
791 1853 805 1890 t
818 1863 840 1889 a
854 1865 880 1889 n
891 1853 908 1890 t
920 1851 932 1889 i
946 1863 980 1889 a.

123 1923 210 1962 Nec
240 1923 397 1970 mirum,
437 1920 531 1972 quia
570 1922 641 1959 tuo
674 1933 890 1967 consensu,
922 1924 992 1959 tuo
1022 1919 1226 1972 permissu
1256 1916 1504 1956 servandam

123 1992 210 2031 Deo
239 1991 521 2042 virginitatem
552 1989 711 2028 devovi.

618 2056 1016 2097 Constantinus.

125 2128 306 2167 Memini.

653 2193 987 2246 Constant-ia.

125 2264 259 2303 Nullis
298 2264 405 2302 enim
443 2263 650 2316 suppliciis
691 2275 884 2314 umquam
912 2263 1055 2314 potero
1087 2259 1287 2313 compelli,
1319 2257 1417 2311 quin
1450 2256 1513 2296 in-

126 2332 323 2371 violatum
354 2332 579 2371 custodiam
610 2333 911 2370 sacramentum
940 2329 1150 2382 propositi.

610 2398 1015 2439 Constantinus.

133 2466 345 2508 Convenit.
393 2468 475 2508 Sed
505 2468 600 2507 hino
629 2471 789 2508 coartor
817 2467 995 2516 nimium,
1025 2466 1131 2519 quia,
1162 2465 1206 2515 si,
1248 2464 1355 2517 quod
1387 2463 1515 2502 debet

129 2537 215 2576 ficri
246 2540 417 2590 paterno
457 2551 582 2586 more,
626 2541 668 2576 te
705 2537 746 2576 in
786 2536 993 2589 proposito
1028 2547 1292 2588 permansum
1321 2533 1382 2572 ire
1414 2544 1508 2572 con-

169 2695 237 2728 ΗΒ)
256 2693 421 2728 Mallem,
443 2694 484 2729 C.⁷
509 2693 540 2722 S.
560 2702 589 2720 u.
607 2694 667 2728 Mg.
