1702 2939
756 188 1071 232 -200-

229 313 271 350 tu
303 321 464 362 semper
509 306 706 361 abjecisti,
745 306 851 345 meis
892 306 998 345 votis
1037 304 1342 344 contradixisti!
1410 303 1530 344 Nune
1559 303 1599 343 in

228 391 318 418 mea
357 377 478 416 situm
518 380 582 416 est
619 377 836 429 potestate,
885 374 1149 427 quantislibet
1187 372 1346 426 injuriis
1385 374 1427 413 te
1476 372 1599 412 velim

232 448 448 486 lacessere.

737 501 1085 540 Fortunatus.

229 571 297 621 At,
327 573 390 611 at!
422 569 625 610 horribilis
654 582 825 622 serpens
856 568 1011 608 invadit
1039 582 1125 608 nos.

738 648 1084 689 Calimachns.

230 720 280 760 Ei
310 720 418 768 mihi,
459 719 696 767 Fortunate,
734 731 806 757 cur
845 731 908 756 me
951 716 1180 769 decepisti?
1240 714 1322 756 Cur
1359 717 1601 758 detestabile

231 790 367 829 scelus
397 787 670 841 persuasisti?
729 785 805 835 En,
852 793 895 825 tu
940 786 1125 825 morieris
1166 786 1370 839 serpentis
1413 787 1600 837 vulnere,

236 862 277 898 ct
308 871 385 910 ego
417 857 654 897 commorior
685 868 784 909 prae
815 855 969 895 timore.

778 1026 1057 1066 Johannea

234 1097 503 1144 Accedamus,
533 1095 780 1144 Andronico,
811 1095 863 1134 ad
899 1095 1099 1134 tumulum
1138 1093 1379 1145 Drusianae,
1410 1108 1488 1148 quo
1518 1095 1602 1136 ani-

233 1179 341 1206 mam
369 1165 531 1206 Christo
562 1164 890 1204 commendemus
919 1176 1055 1216 prece.

719 1244 1112 1284 Andronichus.

233 1315 323 1354 Hoc
354 1314 474 1353 decet
503 1313 562 1354 tui
593 1314 861 1362 sanctitatem,
894 1316 939 1352 ut
968 1326 1047 1351 non
1080 1312 1332 1352 obliviscaris
1363 1312 1402 1352 in
1432 1316 1473 1353 te
1505 1325 1597 1353 eon-

233 1384 437 1423 fidentem.

771 1439 1055 1479 Johannes

233 1508 357 1557 Ecce,
389 1508 604 1547 invisibilis
634 1507 746 1547 Deus
776 1508 891 1547 nobis
922 1511 1094 1560 apparet
1122 1506 1294 1546 visibilis
1333 1507 1373 1546 in
1412 1507 1601 1560 pulcher-

229 1577 321 1616 rimi
351 1577 614 1616 similitudine
640 1576 817 1629 juvenis.

721 1655 1115 1695 Andronichus.

232 1713 451 1767 Expavete
465 1716 473 1753 !
489 1714 548 1765 ἰθ’)
742 1769 767 1810 J
813 1770 838 1809 h

779 1784 800 1810 o
850 1783 1028 1809 annea

231 1839 401 1878 Domine
433 1838 545 1889 Jesu,
577 1852 648 1878 eur
675 1839 797 1891 juxta
836 1839 876 1878 id
915 1839 993 1878 loci
1033 1838 1226 1891 dignatus
1265 1851 1310 1878 es
1349 1838 1480 1878 servis
1522 1838 1602 1879 tuis

233 1907 517 1946 manifestari?

836 1963 989 2003 Deus

233 2032 409 2085 Propter
439 2031 668 2070 Drusianae
683 2031 738 2084 2¹)
771 2033 952 2084 ejusque,
971 2032 1038 2084 qui
1064 2033 1186 2084 juxta
1202 2032 1464 2084 sepulchrum
1494 2032 1601 2072 illiu's

226 2101 350 2153 jacet,
381 2101 735 2140 resuscitationem
749 2101 803 2153 22)
845 2101 1028 2154 apparui,
1075 2102 1169 2153 quia
1206 2114 1352 2140 nomen
1388 2114 1523 2141 meum
1560 2101 1601 2141 in

234 2169 296 2208 his
329 2170 452 2208 debet
482 2169 660 2221 gloriari.

718 2226 932 2266 Andron
949 2227 1112 2266 iehus.

234 2294 367 2340 Quam
397 2294 528 2333 subito
561 2298 751 2347 receptus
782 2298 845 2334 cst
876 2296 1010 2334 coelo!

770 2375 1051 2414 Johanne&

230 2442 330 2482 Ideo
362 2455 526 2482 causam
556 2443 718 2495 penitus
748 2457 826 2483 non
853 2444 1060 2496 intellego.

265 2602 316 2634 ‘loy
335 2600 523 2634 Ειρανοο,
553 2600 583 2626 C.
614 2609 642 2626 u.
671 2600 700 2625 S.
741 2602 791 2627 Ἧι
812 2601 1062 2636 Drusianam,
1088 2601 1118 2629 C.
1140 2609 1168 2628 u.
1189 2601 1219 2629 S.
1267 2604 1317 2635 22)
1340 2601 1596 2628 resuscitatio
1624 2639 1628 2644 Ι

334 2647 400 2680 (mii
422 2646 595 2673 Circnmsscx
615 2647 664 2672 -Ὶιιί
684 2650 727 2681 o),
748 2646 784 2673 M.
807 2655 833 2672 ιι.
856 2647 885 2673 1'.
