1702 2939
616 246 932 287 —209—

591 363 941 402 Fortunatus.
960 384 973 393 =

81 431 135 471 Et
166 444 238 470 cur
266 432 404 470 manet
421 429 676 470 Calimachus
708 431 826 482 gravi
858 431 976 468 vultu
1002 430 1224 478 modestus,
1254 441 1332 468 nec
1361 441 1454 481 per-

83 500 182 539 furit
212 500 329 538 solito
360 513 472 538 more
503 500 543 538 in
575 512 711 538 amore
743 498 1004 537 Drusianae?

621 568 909 607 Johannes

84 635 202 683 Quia,
234 648 257 674 a
286 648 463 688 nequam
492 636 716 675 intentione
747 636 1055 683 transmutatuS,
1086 647 1186 674 vere
1219 635 1282 673 est
1307 631 1459 673 Christi

89 704 322 757 discipulus

593 761 943 801 Fortunatus.

85 818 188 858 Non.

634 875 919 915 Johannes

86 932 232 972 Etiam.

605 988 941 1027 Fortunatus.

88 1057 143 1106 Si,
174 1060 219 1097 ut
252 1057 415 1105 asseris,
445 1057 651 1096 Drusiana
680 1070 744 1095 me
763 1056 814 1109 5Ἰ)
846 1056 1086 1105 suscitavit,
1120 1058 1162 1095 et
1206 1056 1464 1097 Calimachus

88 1124 249 1165 Christo
282 1126 466 1173 credidit,
484 1126 610 1164 vitam
625 1125 794 1177 repudio
820 1127 1072 1177 mortemque
1095 1126 1202 1177 eligo
1235 1128 1391 1179 sponte,
1410 1126 1463 1178 5³)

90 1195 184 1246 quia
214 1195 319 1234 malo
351 1208 432 1233 non
470 1207 572 1241 esse,
606 1206 727 1245 quam
757 1194 798 1232 in
823 1193 886 1232 his
917 1196 1076 1234 tantum
1093 1193 1144 1247 ⁵4)
1187 1195 1465 1234 abundantem

89 1264 290 1303 virtutum
321 1263 496 1315 gratiam
527 1263 766 1302 sentiscere.

638 1342 918 1382 Johannes

90 1410 124 1451 O
157 1412 393 1450 admiranda
425 1411 573 1450 diaboli
602 1411 779 1459 invidia,
819 1424 839 1450 o
871 1411 1024 1451 malitia
1055 1411 1259 1464 serpentis
1291 1412 1463 1464 antiqui,

95 1481 162 1532 qui
196 1487 237 1519 et
266 1480 529 1532 protoplastis
559 1482 731 1519 mortem
770 1481 1005 1532 propinavit
1036 1483 1076 1519 et
1107 1494 1231 1533 super
1256 1481 1462 1533 justorum

93 1549 224 1599 gloria
285 1562 446 1600 semper
502 1549 648 1599 gemit!
713 1548 800 1587 Iste
855 1549 1159 1588 infelicissimus
1204 1549 1467 1588 Fortunatus

92 1616 314 1656 diabolicae
347 1617 627 1655 amaritudinis
659 1617 756 1655 felle
787 1617 1059 1668 plenissimus,
1092 1620 1350 1669 comparatur
1381 1630 1464 1656 ma-

91 1685 155 1723 lac
173 1686 319 1731 arbori,
353 1698 511 1724 amaros
543 1686 700 1724 fructus
732 1686 909 1724 facienti.
968 1685 1101 1734 Unde,
1135 1686 1299 1725 excisus
1331 1699 1355 1725 a
1387 1687 1467 1725 col—

89 1754 198 1804 legio
216 1755 420 1806 justorum
451 1757 491 1793 et
514 1754 697 1806 abjectus
729 1766 752 1792 a
784 1755 986 1793 consortio
1002 1755 1135 1793 Deum
1152 1755 1391 1804 timentium,
1413 1754 1466 1806 ⁵⁵)

94 1822 278 1861 mittatur
309 1822 349 1860 in
381 1822 540 1861 aeterni
570 1823 708 1873 ignem
739 1823 946 1876 supplicii,
988 1824 1233 1863 cruciandus
1275 1825 1362 1863 sine
1394 1824 1465 1863 ali-

99 1891 215 1943 cujus
246 1891 551 1930 intermixtione
582 1891 801 1942 refrigerii.

580 1970 969 2011 Andronichus.

91 2036 223 2087 Ecce,
264 2040 599 2091 turgescentibus
640 2041 886 2093 serpentinis
927 2041 1147 2091 morsibus,
1189 2041 1242 2081 ad
1285 2054 1474 2082 occasum

97 2121 241 2147 rursus
272 2109 461 2160 vergitur
493 2111 533 2148 et
564 2109 681 2148 citius
714 2110 819 2149 dicto
850 2110 1057 2149 morietur.

641 2188 665 2227 J
679 2189 736 2227 oh
749 2201 846 2227 ann
860 2202 881 2227 e
895 2202 925 2227 s.

95 2255 296 2295 Moriatur
327 2256 460 2308 sitque
491 2257 624 2296 incola
654 2257 881 2307 gehennae,
928 2257 997 2310 qui
1027 2260 1195 2311 propter
1224 2257 1347 2298 alieni
1374 2258 1477 2298 invi-

102 2325 209 2364 diam
238 2326 447 2378 profcctus
478 2326 687 2365 recusavit
717 2326 871 2365 vivere.

590 2405 984 2446 Andronichus.

103 2461 315 2502 Terribile.

135 2618 186 2652 5‘2)
209 2626 253 2644 me
279 2618 441 2651 Drusiana,
473 2617 507 2645 C.
540 2627 569 2645 u.
594 2619 623 2646 S.
661 2619 711 2655 53)
740 2622 844 2654 sponte
874 2619 967 2654 eligo,
1001 2620 1032 2651 C,
1062 2629 1090 2647 ιι.
1119 2617 1150 2650 S.
1173 2610 1238 2656 ‘54)
1263 2622 1399 2647 tantam
1425 2617 1479 2646 lna·

205 2664 443 2692 bundanter,
472 2666 503 2691 C.
530 2673 558 2694 u.
589 2665 637 2701 S.;
670 2669 815 2692 tantum
842 2667 1112 2702 abundanter,
1140 2667 1198 2702 Mg.
1239 2668 1290 2701 55)
1316 2667 1479 2692 timentium

208 2709 312 2745 Deum,
333 2711 365 2738 C.
389 2719 417 2736 ιι.
440 2710 470 2737 S.
1154 2747 1208 2788 14
1252 2713 1258 2719 ’
