1702 2939
603 212 921 255 -185—

645 329 865 369 Milites.

71 402 278 442 Instemus
321 399 606 439 construendis
647 399 758 449 rogis
799 399 841 438 et
881 398 1090 437 tradamus
1120 396 1211 436 illas
1240 395 1449 437 bachanti-

71 471 146 511 bus
177 469 360 517 flammis,
392 482 470 520 quo
501 469 624 507 finem
654 468 796 507 demus
829 467 1033 507 conviciis.

664 536 862 590 Agape.

71 607 161 648 Non
193 607 274 655 tibi,
298 606 482 654 Domine,
506 619 587 645 non
619 606 691 646 tibi
722 606 824 645 haee
853 605 1036 658 potentia
1066 603 1240 652 insolita,
1267 605 1312 642 ut
1342 603 1450 654 ignis

70 676 153 716 vim
182 675 347 716 virtutis
387 688 486 714 suae
526 675 809 723 obliviscatur,
854 674 927 714 tibi
973 672 1304 726 obtemperando.
1365 670 1447 710 Sed

70 745 211 784 taedet
240 758 314 784 nos
346 757 572 793 morarum3
603 743 694 783 ideo
726 756 932 795 rogamus,
964 743 1069 782 solvi
1105 742 1334 781 retinacula
1364 739 1448 779 ani-

70 827 238 862 marum,
262 827 340 866 quo
363 813 556 852 extinctis
578 813 816 866 corporibus
838 815 976 853 tecum
998 812 1196 865 plaudent
1218 811 1259 849 in
1281 810 1450 849 aethere

72 883 205 924 nostri
235 883 414 936 spiritus.

654 939 870 979 Milites.

71 1010 104 1051 O
128 1023 291 1057 novum,
314 1023 335 1048 0
362 1009 609 1061 stupendum
634 1009 895 1047 miraculum!
927 1007 1047 1055 Ecce,
1071 1006 1229 1045 animae
1251 1016 1449 1056 egressae

69 1082 166 1119 sunt
197 1091 378 1132 corpora,
396 1078 449 1131 3⁰)
491 1081 531 1117 et
562 1078 676 1117 nulla
706 1077 900 1116 laesionis
930 1076 1221 1129 repperiuntur
1251 1073 1450 1125 vestigia3

69 1149 142 1187 sed
183 1161 260 1186 neo
301 1147 457 1200 capilli,
500 1160 578 1186 nec
617 1147 865 1186 vestimenta
906 1147 955 1185 ab
995 1146 1092 1197 igne
1125 1149 1220 1183 sunt
1250 1144 1448 1190 ambusta,

69 1231 147 1269 quo
180 1217 312 1256 minus
345 1228 528 1269 corpora,

619 1272 645 1314 S
658 1273 671 1312 i
684 1273 727 1312 si
742 1286 767 1311 n
779 1273 911 1312 nius.

68 1332 258 1372 Proferte
289 1331 499 1370 Hirenam.

652 1387 829 1427 Milite
843 1401 873 1426 S.

68 1447 229 1487 Eccam.
252 1447 304 1500 ³¹)

619 1559 645 1600 S
658 1562 671 1599 i
685 1560 764 1599 sin
776 1560 822 1598 ni
834 1573 861 1598 u
872 1573 902 1598 s.

69 1631 323 1672 Pertimesce
348 1630 518 1679 Hirena,
549 1643 694 1668 necem
722 1642 918 1677 sororum,
940 1629 981 1667 et
1011 1639 1113 1666 cave
1143 1625 1280 1680 perire
1311 1639 1449 1665 exem-

68 1701 135 1754 plo
166 1701 340 1739 illarum.
362 1699 415 1752 ³²)
653 1755 715 1794 H.

704 1770 717 1794 1
728 1769 748 1794 r
761 1768 782 1794 e
792 1768 818 1793 n
831 1767 864 1793 a.

70 1826 175 1880 Opto
208 1826 443 1878 exemplum
465 1825 518 1878 33)
565 1837 706 1864 earum
746 1823 955 1863 moriendo
997 1821 1124 1875 sequi,
1167 1835 1245 1874 quo
1286 1833 1448 1860 merear

70 1909 160 1936 cum
191 1896 253 1934 his
284 1895 550 1934 aeternaliter
580 1893 736 1933 laetari.

616 1962 900 2002 Sisinnius.

69 2032 191 2082 Cede,
225 2033 324 2072 cede
355 2045 471 2071 meae
504 2031 692 2071 suasioni.

645 2100 687 2139 H
698 2100 863 2139 irena.

67 2171 181 2211 Haut
212 2170 355 2210 cedam
389 2169 547 2208 facinus
579 2169 780 2207 suadenti.

615 2237 666 2276 Si
679 2237 758 2275 sin
769 2236 818 2274 ni
830 2250 856 2274 u
868 2249 898 2274 s,

70 2309 222 2349 Sinon
264 2308 460 2356 cesseris,
500 2320 580 2346 non
624 2306 747 2345 citum
789 2305 860 2344 tibi
904 2304 1122 2357 praestabo
1164 2302 1332 2351 exitum,
1374 2301 1449 2341 sed

70 2378 252 2417 differam
285 2380 326 2416 et
355 2389 463 2416 nova
494 2376 536 2414 in
565 2375 652 2414 dies
683 2374 884 2426 supplicia
914 2372 1204 2425 multiplicabo.

656 2443 870 2482 Hirena.

70 2514 232 2560 Quanto
265 2515 399 2555 acrius
430 2516 636 2566 torqueor,
668 2516 782 2552 tanto
814 2510 1032 2564 gloriosius
1063 2509 1289 2549 exaltabor.

104 2651 156 2686 30)
176 2659 353 2685 corpore,
382 2649 440 2684 Mg.
461 2658 485 2675 s.
505 2649 581 2676 Einl.
605 2649 715 2675 exire.
753 2649 802 2682 31)
824 2647 961 2684 Etiam:
988 2646 1019 2675 C.
1049 2654 1078 2674 11.
1106 2644 1136 2674 S.
1174 2644 1223 2681 31¹)
1241 2642 1373 2676 exemplo
1393 2648 1444 2667 ea-

173 2705 263 2732 rum,
289 2696 320 2725 C.
341 2705 370 2725 u,
397 2695 426 2723 S.
465 2696 513 2729 33)
534 2695 725 2730 exemplo,
744 2693 775 2723 S.
