<?xml version="1.0" encoding="UTF-8"?>
<!DOCTYPE html PUBLIC "-//W3C//DTD XHTML 1.0 Transitional//EN"
    "http://www.w3.org/TR/xhtml1/DTD/xhtml1-transitional.dtd">
<html xmlns="http://www.w3.org/1999/xhtml" xml:lang="en" lang="en">
 <head>
  <title>
</title>
<meta http-equiv="Content-Type" content="text/html;charset=utf-8" />
  <meta name='ocr-system' content='tesseract 3.04.00' />
  <meta name='ocr-capabilities' content='ocr_page ocr_carea ocr_par ocr_line ocrx_word'/>
</head>
<body>
  <div class='ocr_page' id='page_1' title='image "./diewerke00hrotuoft/diewerke00hrotuoft_0236.png"; bbox 0 0 1702 2939; ppageno 0'>
   <div class='ocr_carea' id='block_1_1' title="bbox 783 186 1097 230">
    <p class='ocr_par' dir='ltr' id='par_1_1' title="bbox 783 186 1097 230">
     <span class='ocr_line' id='line_1_1' title="bbox 783 186 1097 230; baseline 0.003 -1"><span class='ocrx_word' id='word_1_1' title='bbox 783 186 1097 230; x_wconf 80' lang='lat'>-158—</span> 
     </span>
    </p>
   </div>
   <div class='ocr_carea' id='block_1_2' title="bbox 792 302 1079 343">
    <p class='ocr_par' dir='ltr' id='par_1_2' title="bbox 792 302 1079 343">
     <span class='ocr_line' id='line_1_2' title="bbox 792 302 1079 343; baseline -0.003 0"><span class='ocrx_word' id='word_1_2' title='bbox 792 302 1079 343; x_wconf 54' lang='lat' dir='ltr'>Johannea</span> 
     </span>
    </p>
   </div>
   <div class='ocr_carea' id='block_1_3' title="bbox 255 370 1626 429">
    <p class='ocr_par' dir='ltr' id='par_1_3' title="bbox 255 370 1626 429">
     <span class='ocr_line' id='line_1_3' title="bbox 255 370 1626 429; baseline 0.004 -20"><span class='ocrx_word' id='word_1_3' title='bbox 255 370 419 417; x_wconf 87' lang='lat' dir='ltr'>Quanto</span> <span class='ocrx_word' id='word_1_4' title='bbox 442 371 573 423; x_wconf 86' lang='lat' dir='ltr'>magis</span> <span class='ocrx_word' id='word_1_5' title='bbox 603 371 715 411; x_wconf 75' lang='lat' dir='ltr'>valet</span> <span class='ocrx_word' id='word_1_6' title='bbox 745 371 903 411; x_wconf 83' lang='lat' dir='ltr'>intenta</span> <span class='ocrx_word' id='word_1_7' title='bbox 933 372 1124 424; x_wconf 73' lang='lat' dir='ltr'>precatio,</span> <span class='ocrx_word' id='word_1_8' title='bbox 1156 385 1276 424; x_wconf 86' lang='lat' dir='ltr'>quam</span> <span class='ocrx_word' id='word_1_9' title='bbox 1304 373 1480 414; x_wconf 82' lang='lat' dir='ltr'>humana</span> <span class='ocrx_word' id='word_1_10' title='bbox 1508 386 1626 429; x_wconf 81' lang='lat' dir='ltr'>prae-</span> 
     </span>
    </p>
   </div>
   <div class='ocr_carea' id='block_1_4' title="bbox 255 440 454 492">
    <p class='ocr_par' dir='ltr' id='par_1_4' title="bbox 255 440 454 492">
     <span class='ocr_line' id='line_1_4' title="bbox 255 440 454 492; baseline 0.005 -14"><span class='ocrx_word' id='word_1_11' title='bbox 255 440 454 492; x_wconf 84' lang='lat' dir='ltr'>sumptio!</span> 
     </span>
    </p>
   </div>
   <div class='ocr_carea' id='block_1_5' title="bbox 254 495 1106 593">
    <p class='ocr_par' dir='ltr' id='par_1_5' title="bbox 254 495 1106 593">
     <span class='ocr_line' id='line_1_5' title="bbox 771 495 1106 537; baseline -0.003 0"><span class='ocrx_word' id='word_1_12' title='bbox 771 495 1106 537; x_wconf 79' lang='lat' dir='ltr'>Gallicanus.</span> 
     </span>
     <span class='ocr_line' id='line_1_6' title="bbox 254 552 420 593; baseline 0.012 -2"><span class='ocrx_word' id='word_1_13' title='bbox 254 552 420 593; x_wconf 71' lang='lat' dir='ltr'>Verum.</span> 
     </span>
    </p>
   </div>
   <div class='ocr_carea' id='block_1_6' title="bbox 252 610 1626 788">
    <p class='ocr_par' dir='ltr' id='par_1_6' title="bbox 252 610 1626 788">
     <span class='ocr_line' id='line_1_7' title="bbox 839 610 1045 650; baseline -0.005 0"><span class='ocrx_word' id='word_1_14' title='bbox 839 610 1045 650; x_wconf 88' lang='lat' dir='ltr'>Paulus.</span> 
     </span>
     <span class='ocr_line' id='line_1_8' title="bbox 253 679 1626 732; baseline 0.002 -15"><span class='ocrx_word' id='word_1_15' title='bbox 253 679 385 724; x_wconf 85' lang='lat' dir='ltr'>Quam</span> <span class='ocrx_word' id='word_1_16' title='bbox 417 679 563 719; x_wconf 64' lang='lat' dir='ltr'>offis-ax</span> <span class='ocrx_word' id='word_1_17' title='bbox 587 680 647 719; x_wconf 85' lang='lat' dir='ltr'>his</span> <span class='ocrx_word' id='word_1_18' title='bbox 669 680 801 718; x_wconf 88' lang='lat' dir='ltr'>aderit</span> <span class='ocrx_word' id='word_1_19' title='bbox 831 692 1009 732; x_wconf 78' lang='lat' dir='ltr'>superna</span> <span class='ocrx_word' id='word_1_20' title='bbox 1040 679 1256 728; x_wconf 83' lang='lat' dir='ltr'>miseratio,</span> <span class='ocrx_word' id='word_1_21' title='bbox 1289 693 1388 732; x_wconf 82' lang='lat' dir='ltr'>quos</span> <span class='ocrx_word' id='word_1_22' title='bbox 1405 679 1491 721; x_wconf 84' lang='lat' dir='ltr'>Deo</span> <span class='ocrx_word' id='word_1_23' title='bbox 1522 693 1626 720; x_wconf 85' lang='lat' dir='ltr'>com-</span> 
     </span>
     <span class='ocr_line' id='line_1_9' title="bbox 252 749 831 788; baseline 0.003 -3"><span class='ocrx_word' id='word_1_24' title='bbox 252 749 418 788; x_wconf 71' lang='lat' dir='ltr'>mendat</span> <span class='ocrx_word' id='word_1_25' title='bbox 448 749 610 787; x_wconf 83' lang='lat' dir='ltr'>humilis</span> <span class='ocrx_word' id='word_1_26' title='bbox 643 749 831 788; x_wconf 85' lang='lat' dir='ltr'>devotio!</span> 
     </span>
    </p>
   </div>
   <div class='ocr_carea' id='block_1_7' title="bbox 255 815 1630 1312">
    <p class='ocr_par' dir='ltr' id='par_1_7' title="bbox 259 815 1107 926">
     <span class='ocr_line' id='line_1_10' title="bbox 768 815 1107 856; baseline 0 -1"><span class='ocrx_word' id='word_1_27' title='bbox 768 815 804 856; x_wconf 86' lang='lat' dir='ltr'><strong>G</strong></span> <span class='ocrx_word' id='word_1_28' title='bbox 817 816 942 855; x_wconf 80' lang='lat' dir='ltr'>allio</span> <span class='ocrx_word' id='word_1_29' title='bbox 955 828 1014 855; x_wconf 88' lang='lat' dir='ltr'>an</span> <span class='ocrx_word' id='word_1_30' title='bbox 1029 829 1056 856; x_wconf 89' lang='lat' dir='ltr'>u</span> <span class='ocrx_word' id='word_1_31' title='bbox 1077 830 1107 856; x_wconf 83' lang='lat' dir='ltr'>s.</span> 
     </span>
     <span class='ocr_line' id='line_1_11' title="bbox 259 873 537 926; baseline 0.007 -15"><span class='ocrx_word' id='word_1_32' title='bbox 259 873 537 926; x_wconf 71' lang='lat' dir='ltr'>Perspicuum.</span> 
     </span>
    </p>

    <p class='ocr_par' dir='ltr' id='par_1_8' title="bbox 255 930 1630 1118">
     <span class='ocr_line' id='line_1_12' title="bbox 803 930 1087 970; baseline -0.004 0"><span class='ocrx_word' id='word_1_33' title='bbox 803 930 827 970; x_wconf 84' lang='lat' dir='ltr'><strong>J</strong></span> <span class='ocrx_word' id='word_1_34' title='bbox 837 944 857 969; x_wconf 94' lang='grc' dir='ltr'>ο</span> <span class='ocrx_word' id='word_1_35' title='bbox 871 931 893 969; x_wconf 83' lang='grc'>11</span> <span class='ocrx_word' id='word_1_36' title='bbox 909 943 931 969; x_wconf 86' lang='lat' dir='ltr'>a</span> <span class='ocrx_word' id='word_1_37' title='bbox 948 945 972 969; x_wconf 93' lang='lat' dir='ltr'>n</span> <span class='ocrx_word' id='word_1_38' title='bbox 985 944 1010 969; x_wconf 91' lang='lat' dir='ltr'>n</span> <span class='ocrx_word' id='word_1_39' title='bbox 1024 944 1044 969; x_wconf 86' lang='lat' dir='ltr'>e</span> <span class='ocrx_word' id='word_1_40' title='bbox 1058 944 1087 969; x_wconf 80' lang='lat' dir='ltr'>s.</span> 
     </span>
     <span class='ocr_line' id='line_1_13' title="bbox 258 997 1630 1051; baseline 0.003 -15"><span class='ocrx_word' id='word_1_41' title='bbox 258 997 341 1037; x_wconf 80' lang='lat' dir='ltr'>Sed</span> <span class='ocrx_word' id='word_1_42' title='bbox 387 999 494 1050; x_wconf 87' lang='lat' dir='ltr'>qnod</span> <span class='ocrx_word' id='word_1_43' title='bbox 539 1001 714 1038; x_wconf 68' lang='lat' dir='ltr'>vovetur</span> <span class='ocrx_word' id='word_1_44' title='bbox 760 998 801 1038; x_wconf 93' lang='lat' dir='ltr'>in</span> <span class='ocrx_word' id='word_1_45' title='bbox 830 999 1159 1051; x_wconf 76' lang='lat' dir='ltr'>perturbatione,</span> <span class='ocrx_word' id='word_1_46' title='bbox 1204 999 1446 1040; x_wconf 77' lang='lat' dir='ltr'>solvendum</span> <span class='ocrx_word' id='word_1_47' title='bbox 1485 1001 1549 1040; x_wconf 76' lang='lat' dir='ltr'>est</span> <span class='ocrx_word' id='word_1_48' title='bbox 1587 1000 1630 1040; x_wconf 90' lang='lat' dir='ltr'>in</span> 
     </span>
     <span class='ocr_line' id='line_1_14' title="bbox 255 1067 565 1118; baseline 0.006 -14"><span class='ocrx_word' id='word_1_49' title='bbox 255 1067 565 1118; x_wconf 80' lang='lat' dir='ltr'>tranquillitate.</span> 
     </span>
    </p>

    <p class='ocr_par' dir='ltr' id='par_1_9' title="bbox 255 1121 1630 1312">
     <span class='ocr_line' id='line_1_15' title="bbox 779 1121 1113 1164; baseline 0 -1"><span class='ocrx_word' id='word_1_50' title='bbox 779 1121 1113 1164; x_wconf 87' lang='lat' dir='ltr'>Gallicanus.</span> 
     </span>
     <span class='ocr_line' id='line_1_16' title="bbox 256 1191 1630 1246; baseline 0.002 -17"><span class='ocrx_word' id='word_1_51' title='bbox 256 1191 463 1230; x_wconf 80' lang='lat' dir='ltr'>Assentio.</span> <span class='ocrx_word' id='word_1_52' title='bbox 523 1191 642 1232; x_wconf 83' lang='lat' dir='ltr'>Unde</span> <span class='ocrx_word' id='word_1_53' title='bbox 684 1192 923 1243; x_wconf 76' lang='lat' dir='ltr'>quantocius</span> <span class='ocrx_word' id='word_1_54' title='bbox 964 1192 1163 1245; x_wconf 86' lang='lat' dir='ltr'>baptizari</span> <span class='ocrx_word' id='word_1_55' title='bbox 1181 1192 1234 1246; x_wconf 83' lang='lat'>³⁹)</span> <span class='ocrx_word' id='word_1_56' title='bbox 1277 1192 1409 1244; x_wconf 79' lang='lat' dir='ltr'>gestio</span> <span class='ocrx_word' id='word_1_57' title='bbox 1449 1204 1497 1232; x_wconf 84' lang='lat' dir='ltr'>ac</span> <span class='ocrx_word' id='word_1_58' title='bbox 1536 1193 1630 1232; x_wconf 86' lang='lat' dir='ltr'>reli-</span> 
     </span>
     <span class='ocr_line' id='line_1_17' title="bbox 255 1260 1124 1312; baseline 0.003 -14"><span class='ocrx_word' id='word_1_59' title='bbox 255 1273 380 1311; x_wconf 87' lang='lat' dir='ltr'>quum</span> <span class='ocrx_word' id='word_1_60' title='bbox 412 1260 523 1299; x_wconf 76' lang='lat' dir='ltr'>vitae</span> <span class='ocrx_word' id='word_1_61' title='bbox 554 1260 595 1298; x_wconf 92' lang='lat' dir='ltr'>in</span> <span class='ocrx_word' id='word_1_62' title='bbox 626 1260 702 1299; x_wconf 78' lang='lat' dir='ltr'>Dei</span> <span class='ocrx_word' id='word_1_63' title='bbox 739 1260 932 1312; x_wconf 85' lang='lat' dir='ltr'>obsequio</span> <span class='ocrx_word' id='word_1_64' title='bbox 963 1273 1124 1301; x_wconf 81' lang='lat' dir='ltr'>vacare.</span> 
     </span>
    </p>
   </div>
   <div class='ocr_carea' id='block_1_8' title="bbox 255 1328 1045 1424">
    <p class='ocr_par' dir='ltr' id='par_1_10' title="bbox 255 1328 1045 1424">
     <span class='ocr_line' id='line_1_18' title="bbox 831 1328 1045 1368; baseline 0 -1"><span class='ocrx_word' id='word_1_65' title='bbox 831 1328 897 1368; x_wconf 82' lang='lat' dir='ltr'>Pa</span> <span class='ocrx_word' id='word_1_66' title='bbox 914 1328 1045 1368; x_wconf 89' lang='lat' dir='ltr'>ulus.</span> 
     </span>
     <span class='ocr_line' id='line_1_19' title="bbox 255 1384 432 1424; baseline -0.006 0"><span class='ocrx_word' id='word_1_67' title='bbox 255 1384 432 1424; x_wconf 82' lang='lat' dir='ltr'>Justum.</span> 
     </span>
    </p>
   </div>
   <div class='ocr_carea' id='block_1_9' title="bbox 845 1453 1048 1458">
    <p class='ocr_par' dir='ltr' id='par_1_11' title="bbox 845 1453 1048 1458">
     <span class='ocr_line' id='line_1_20' title="bbox 845 1453 1048 1458; baseline 0 0"><span class='ocrx_word' id='word_1_68' title='bbox 845 1453 1048 1458; x_wconf 95' lang='lat' dir='ltr'> </span> 
     </span>
    </p>
   </div>
   <div class='ocr_carea' id='block_1_10' title="bbox 256 1530 1631 1719">
    <p class='ocr_par' dir='ltr' id='par_1_12' title="bbox 256 1530 1631 1719">
     <span class='ocr_line' id='line_1_21' title="bbox 783 1530 1111 1571; baseline 0 -1"><span class='ocrx_word' id='word_1_69' title='bbox 783 1530 1111 1571; x_wconf 75' lang='lat' dir='ltr'>Gallicanus.</span> 
     </span>
     <span class='ocr_line' id='line_1_22' title="bbox 260 1599 1631 1652; baseline 0.001 -14"><span class='ocrx_word' id='word_1_70' title='bbox 260 1599 369 1639; x_wconf 76' lang='lat' dir='ltr'>Eece</span> <span class='ocrx_word' id='word_1_71' title='bbox 413 1600 451 1639; x_wconf 92' lang='lat' dir='ltr'>in</span> <span class='ocrx_word' id='word_1_72' title='bbox 493 1600 659 1639; x_wconf 87' lang='lat' dir='ltr'>introitu</span> <span class='ocrx_word' id='word_1_73' title='bbox 701 1603 839 1640; x_wconf 75' lang='lat' dir='ltr'>nostro</span> <span class='ocrx_word' id='word_1_74' title='bbox 880 1602 1080 1652; x_wconf 83' lang='lat' dir='ltr'>proruunt</span> <span class='ocrx_word' id='word_1_75' title='bbox 1118 1599 1273 1640; x_wconf 82' lang='lat' dir='ltr'>romani</span> <span class='ocrx_word' id='word_1_76' title='bbox 1312 1599 1532 1650; x_wconf 84' lang='lat' dir='ltr'>urbicolae,</span> <span class='ocrx_word' id='word_1_77' title='bbox 1572 1600 1631 1640; x_wconf 88' lang='lat' dir='ltr'>in-</span> 
     </span>
     <span class='ocr_line' id='line_1_23' title="bbox 256 1668 1041 1719; baseline 0 -12"><span class='ocrx_word' id='word_1_78' title='bbox 256 1669 390 1719; x_wconf 83' lang='lat' dir='ltr'>signia</span> <span class='ocrx_word' id='word_1_79' title='bbox 423 1668 588 1707; x_wconf 85' lang='lat' dir='ltr'>laudum</span> <span class='ocrx_word' id='word_1_80' title='bbox 620 1668 802 1706; x_wconf 80' lang='lat' dir='ltr'>serentes</span> <span class='ocrx_word' id='word_1_81' title='bbox 835 1680 889 1707; x_wconf 82' lang='lat' dir='ltr'>ex</span> <span class='ocrx_word' id='word_1_82' title='bbox 918 1681 1041 1707; x_wconf 87' lang='lat' dir='ltr'>more.</span> 
     </span>
    </p>
   </div>
   <div class='ocr_carea' id='block_1_11' title="bbox 257 1736 1106 1889">
    <p class='ocr_par' dir='ltr' id='par_1_13' title="bbox 257 1736 1106 1889">
     <span class='ocr_line' id='line_1_24' title="bbox 798 1736 1087 1776; baseline -0.003 0"><span class='ocrx_word' id='word_1_83' title='bbox 798 1736 1087 1776; x_wconf 57' lang='lat' dir='ltr'>Johannea</span> 
     </span>
     <span class='ocr_line' id='line_1_25' title="bbox 257 1791 811 1889; baseline 0 -57"><span class='ocrx_word' id='word_1_84' title='bbox 257 1791 523 1845; x_wconf 85' lang='lat' dir='ltr'>Consequens</span> <span class='ocrx_word' id='word_1_85' title='bbox 556 1795 628 1832; x_wconf 85' lang='lat' dir='ltr'>est.</span> <span class='ocrx_word' id='word_1_86' title='bbox 775 1847 811 1889; x_wconf 77' lang='lat' dir='ltr'><strong>G</strong></span> 
     </span>
     <span class='ocr_line' id='line_1_26' title="bbox 824 1849 1106 1888; baseline -0.004 0"><span class='ocrx_word' id='word_1_87' title='bbox 824 1849 956 1888; x_wconf 81' lang='lat' dir='ltr'>allio</span> <span class='ocrx_word' id='word_1_88' title='bbox 968 1862 991 1888; x_wconf 87' lang='lat' dir='ltr'>a</span> <span class='ocrx_word' id='word_1_89' title='bbox 1002 1863 1028 1888; x_wconf 91' lang='lat' dir='ltr'>n</span> <span class='ocrx_word' id='word_1_90' title='bbox 1040 1863 1065 1888; x_wconf 95' lang='lat' dir='ltr'>u</span> <span class='ocrx_word' id='word_1_91' title='bbox 1077 1862 1106 1887; x_wconf 77' lang='lat' dir='ltr'>s.</span> 
     </span>
    </p>
   </div>
   <div class='ocr_carea' id='block_1_12' title="bbox 256 1916 1632 2353">
    <p class='ocr_par' dir='ltr' id='par_1_14' title="bbox 256 1916 1632 2353">
     <span class='ocr_line' id='line_1_27' title="bbox 262 1916 1632 1966; baseline 0 -9"><span class='ocrx_word' id='word_1_92' title='bbox 262 1916 344 1957; x_wconf 83' lang='lat' dir='ltr'>Sed</span> <span class='ocrx_word' id='word_1_93' title='bbox 376 1931 455 1956; x_wconf 80' lang='lat' dir='ltr'>neo</span> <span class='ocrx_word' id='word_1_94' title='bbox 484 1919 669 1966; x_wconf 83' lang='lat' dir='ltr'>nostrae,</span> <span class='ocrx_word' id='word_1_95' title='bbox 709 1930 787 1957; x_wconf 85' lang='lat' dir='ltr'>neo</span> <span class='ocrx_word' id='word_1_96' title='bbox 827 1918 995 1957; x_wconf 87' lang='lat' dir='ltr'>deorum</span> <span class='ocrx_word' id='word_1_97' title='bbox 1033 1916 1258 1956; x_wconf 89' lang='lat' dir='ltr'>fortitudini</span> <span class='ocrx_word' id='word_1_98' title='bbox 1287 1917 1429 1956; x_wconf 74' lang='lat' dir='ltr'>titulus</span> <span class='ocrx_word' id='word_1_99' title='bbox 1459 1917 1632 1957; x_wconf 81' lang='lat' dir='ltr'>debetur</span> 
     </span>
     <span class='ocr_line' id='line_1_28' title="bbox 261 1985 466 2038; baseline 0 -14"><span class='ocrx_word' id='word_1_100' title='bbox 261 1985 466 2038; x_wconf 88' lang='lat' dir='ltr'>triumphi.</span> 
     </span>
     <span class='ocr_line' id='line_1_29' title="bbox 835 2041 1046 2081; baseline 0 0"><span class='ocrx_word' id='word_1_101' title='bbox 835 2041 1046 2081; x_wconf 84' lang='lat' dir='ltr'>Paulus.</span> 
     </span>
     <span class='ocr_line' id='line_1_30' title="bbox 256 2109 909 2159; baseline -0.002 -10"><span class='ocrx_word' id='word_1_102' title='bbox 256 2110 379 2150; x_wconf 76' lang='lat' dir='ltr'>Nullo</span> <span class='ocrx_word' id='word_1_103' title='bbox 415 2109 545 2159; x_wconf 89' lang='lat' dir='ltr'>modo,</span> <span class='ocrx_word' id='word_1_104' title='bbox 577 2109 650 2148; x_wconf 79' lang='lat' dir='ltr'>sed</span> <span class='ocrx_word' id='word_1_105' title='bbox 680 2122 780 2149; x_wconf 81' lang='lat' dir='ltr'>vero</span> <span class='ocrx_word' id='word_1_106' title='bbox 811 2109 909 2148; x_wconf 87' lang='lat' dir='ltr'>Deo.</span> 
     </span>
     <span class='ocr_line' id='line_1_31' title="bbox 777 2175 1110 2217; baseline 0 0"><span class='ocrx_word' id='word_1_107' title='bbox 777 2175 1110 2217; x_wconf 75' lang='lat' dir='ltr'>Gallicanus.</span> 
     </span>
     <span class='ocr_line' id='line_1_32' title="bbox 260 2246 1058 2299; baseline -0.004 -11"><span class='ocrx_word' id='word_1_108' title='bbox 260 2246 379 2288; x_wconf 83' lang='lat' dir='ltr'>Unde</span> <span class='ocrx_word' id='word_1_109' title='bbox 409 2246 562 2299; x_wconf 84' lang='lat' dir='ltr'>templa</span> <span class='ocrx_word' id='word_1_110' title='bbox 592 2246 767 2286; x_wconf 86' lang='lat' dir='ltr'>arbitror</span> <span class='ocrx_word' id='word_1_111' title='bbox 797 2247 1058 2285; x_wconf 81' lang='lat' dir='ltr'>transeunda.</span> 
     </span>
     <span class='ocr_line' id='line_1_33' title="bbox 804 2313 1088 2353; baseline -0.004 0"><span class='ocrx_word' id='word_1_112' title='bbox 804 2313 1088 2353; x_wconf 54' lang='lat' dir='ltr'>Johannea</span> 
     </span>
    </p>
   </div>
   <div class='ocr_carea' id='block_1_13' title="bbox 258 2381 1111 2478">
    <p class='ocr_par' dir='ltr' id='par_1_15' title="bbox 258 2381 1111 2478">
     <span class='ocr_line' id='line_1_34' title="bbox 258 2381 645 2421; baseline -0.005 0"><span class='ocrx_word' id='word_1_113' title='bbox 258 2382 390 2421; x_wconf 76' lang='lat' dir='ltr'>Recte</span> <span class='ocrx_word' id='word_1_114' title='bbox 422 2381 645 2420; x_wconf 77' lang='lat' dir='ltr'>arbitraris.</span> 
     </span>
     <span class='ocr_line' id='line_1_35' title="bbox 778 2436 1111 2478; baseline 0.006 -3"><span class='ocrx_word' id='word_1_115' title='bbox 778 2436 1111 2478; x_wconf 80' lang='lat' dir='ltr'>Gallicanus.</span> 
     </span>
    </p>
   </div>
   <div class='ocr_carea' id='block_1_14' title="bbox 260 2504 1629 2560">
    <p class='ocr_par' dir='ltr' id='par_1_16' title="bbox 260 2504 1629 2560">
     <span class='ocr_line' id='line_1_36' title="bbox 260 2504 1629 2560; baseline 0 -14"><span class='ocrx_word' id='word_1_116' title='bbox 260 2507 314 2546; x_wconf 89' lang='lat' dir='ltr'>Et</span> <span class='ocrx_word' id='word_1_117' title='bbox 331 2506 468 2546; x_wconf 87' lang='lat' dir='ltr'>limina</span> <span class='ocrx_word' id='word_1_118' title='bbox 479 2504 533 2557; x_wconf 80' lang='lat'>⁴⁰)</span> <span class='ocrx_word' id='word_1_119' title='bbox 557 2504 847 2558; x_wconf 75' lang='lat' dir='ltr'>Apostolorum</span> <span class='ocrx_word' id='word_1_120' title='bbox 863 2507 1033 2560; x_wconf 81' lang='lat' dir='ltr'>supplici</span> <span class='ocrx_word' id='word_1_121' title='bbox 1051 2507 1305 2547; x_wconf 72' lang='lat' dir='ltr'>confossione</span> <span class='ocrx_word' id='word_1_122' title='bbox 1322 2519 1414 2546; x_wconf 82' lang='lat' dir='ltr'>esse</span> <span class='ocrx_word' id='word_1_123' title='bbox 1429 2506 1629 2547; x_wconf 84' lang='lat' dir='ltr'>intranda.</span> 
     </span>
    </p>
   </div>
   <div class='ocr_carea' id='block_1_15' title="bbox 262 2596 499 2602">
    <p class='ocr_par' dir='ltr' id='par_1_17' title="bbox 262 2596 499 2602">
     <span class='ocr_line' id='line_1_37' title="bbox 262 2596 499 2602; baseline 0 0"><span class='ocrx_word' id='word_1_124' title='bbox 262 2596 499 2602; x_wconf 95' lang='lat' dir='ltr'> </span> 
     </span>
    </p>
   </div>
   <div class='ocr_carea' id='block_1_16' title="bbox 293 2636 913 2674">
    <p class='ocr_par' dir='ltr' id='par_1_18' title="bbox 293 2636 913 2674">
     <span class='ocr_line' id='line_1_38' title="bbox 293 2636 913 2674; baseline -0.002 -9"><span class='ocrx_word' id='word_1_125' title='bbox 293 2639 342 2674; x_wconf 80' lang='lat'>39)</span> <span class='ocrx_word' id='word_1_126' title='bbox 363 2637 552 2673; x_wconf 66' lang='lat' dir='ltr'>bulzan-1,</span> <span class='ocrx_word' id='word_1_127' title='bbox 572 2636 612 2664; x_wconf 82' lang='lat' dir='ltr'>M.</span> <span class='ocrx_word' id='word_1_128' title='bbox 669 2637 719 2673; x_wconf 71' lang='grc'>40)</span> <span class='ocrx_word' id='word_1_129' title='bbox 738 2636 862 2671; x_wconf 67' lang='lat' dir='ltr'>licinia,</span> <span class='ocrx_word' id='word_1_130' title='bbox 883 2636 913 2664; x_wconf 86' lang='lat' dir='ltr'>C.</span> 
     </span>
    </p>
   </div>
  </div>
 </body>
</html>
