1702 2939
763 223 1077 265 -182-

812 338 842 379 C
855 340 880 380 h
893 340 903 378 i
917 353 938 379 o
950 353 975 378 n
987 339 998 378 i
1012 350 1046 378 a.

245 400 488 441 Ridiculum.

821 454 918 493 Hir
930 468 951 492 e
964 468 988 492 n
1002 466 1035 492 a.

245 526 350 567 Nam
380 525 517 571 facies,
547 536 690 564 manus
711 535 758 562 ac
787 523 1033 562 vestimenta
1063 522 1165 562 adeo
1189 521 1406 570 sordidata,
1426 520 1477 574 ¹⁹)
1507 520 1609 561 adeo

246 595 517 647 coinquinata,
547 596 592 633 ut
622 592 806 645 nigredo,
838 604 942 644 quae
979 591 1166 639 inhaesit,
1199 590 1500 630 similitudinem
1528 588 1610 629 Ae-

248 664 397 717 thiopis
428 662 642 717 exprimat.

834 718 1028 770 Agape.

247 789 389 837 Decet,
419 791 465 829 ut
493 787 587 827 talis
627 791 823 840 appareat
862 800 1043 840 corpore,
1075 786 1204 839 qualis
1235 798 1259 825 a
1289 785 1448 825 diabolo
1484 783 1613 838 possi-

249 858 370 899 detur
400 858 440 897 in
471 859 619 896 mente.

825 913 886 953 Hi
901 927 920 953 r
933 926 988 952 cn
1004 925 1038 952 a.

249 982 325 1030 En,
354 985 474 1036 parat
512 979 689 1034 regredi.
705 982 759 1034 2⁰)
798 981 1076 1029 Intendamus,
1117 981 1214 1033 quid
1258 981 1327 1021 illo
1371 981 1612 1034 egrediente

256 1055 383 1104 agant
414 1052 574 1100 milites,
606 1064 680 1105 pro
711 1051 865 1090 foribus
897 1053 1177 1102 expectantes.

822 1154 1043 1193 Milites,

252 1225 355 1270 Quis
385 1225 450 1264 hic
482 1224 692 1276 egreditur
710 1223 1007 1271 daemoniacus,
1024 1222 1093 1262 vel
1122 1222 1254 1275 magis
1281 1222 1368 1276 ipse
1399 1222 1617 1263 diabolus?

251 1295 501 1346 Fugiamus!

787 1349 1075 1389 Dulcitius.

252 1419 417 1468 Milites,
449 1433 526 1472 quo
559 1419 732 1471 sugitis?
775 1417 901 1468 State,
925 1420 1154 1471 expectate,
1178 1417 1314 1457 ducite
1344 1431 1408 1458 me
1439 1430 1530 1458 cum
1559 1418 1619 1459 lu-

259 1489 392 1529 cernis
423 1489 474 1527 ad
507 1489 649 1527 cubile.

825 1543 1000 1584 Milite
1013 1557 1042 1583 s.

252 1615 349 1655 Vox
379 1615 549 1654 senioris
582 1614 720 1662 nostri,
738 1613 811 1653 sed
841 1614 975 1665 imago
1007 1613 1165 1652 diaboli.
1223 1612 1316 1652 Non
1340 1613 1620 1662 subsistamus,

253 1685 327 1724 sed
359 1685 499 1736 fugam
528 1688 789 1723 maturemus.
838 1682 1086 1721 Phantasma
1116 1682 1206 1721 vult
1235 1694 1309 1721 nos
1339 1682 1620 1735 pessumdare.

789 1751 1075 1790 Dulcitius.

254 1821 321 1861 Ad
351 1821 547 1874 palatium
587 1820 651 1860 ibo
693 1825 744 1869 et,
774 1832 895 1872 quam
925 1819 1193 1872 abjectionem
1207 1819 1264 1872 ⁴2¹)
1295 1818 1440 1872 patior,
1472 1818 1620 1873 prinei-

253 1890 372 1943 pibus
404 1890 594 1941 vulgabo.

790 2002 1031 2041 Dulcitiu
1043 2016 1073 2040 s.

255 2070 431 2119 ostiarii,
471 2070 716 2110 introducite
756 2083 819 2109 me
861 2071 901 2110 in
942 2070 1148 2123 palatium,
1190 2070 1283 2123 quia
1323 2070 1375 2110 ad
1404 2070 1620 2124 imperato-

253 2153 340 2180 rem
370 2140 499 2179 habeo
529 2143 743 2179 secretum.

819 2195 1057 2236 ostiarii.

254 2264 362 2310 Quid
402 2265 477 2305 hoc
507 2265 588 2304 vile
629 2278 677 2305 ac
707 2265 948 2305 detestabile
973 2267 1209 2311 monstrum,
1250 2264 1387 2305 scissis
1418 2266 1460 2304 et
1488 2264 1618 2317 nigel-

253 2335 302 2373 lis
318 2335 377 2384 Ὢ)
407 2335 633 2386 panniculis
674 2334 876 2373 obsitum?
936 2333 1092 2384 Pugnis
1133 2333 1362 2381 tundamus,
1405 2333 1456 2371 de
1487 2333 1619 2386 gradu

252 2403 580 2457 praecipitemus,
611 2416 687 2441 nec
717 2404 826 2442 ultra
857 2403 934 2441 huc
966 2402 1085 2440 detur
1116 2402 1219 2440 liber
1250 2413 1453 2440 accessus.

788 2471 1073 2511 Dulcitius.

254 2540 356 2590 Vae,
373 2543 470 2580 vae!
497 2539 590 2592 quid
609 2539 808 2591 contigit?
839 2540 983 2579 Nonne
1007 2538 1344 2591 splendidissimis
1360 2539 1542 2578 vestibus
1558 2538 1616 2577 in-

291 2658 338 2689 ¹⁹)
358 2656 533 2689 sordida,
554 2655 584 2681 C.
604 2663 633 2681 n.
655 2654 685 2682 S.
723 2655 773 2687 ⁵10]
795 2653 960 2687 ingredi,
982 2652 1021 2678 Μ.
1042 2661 1070 2679 ιι.
1092 2652 1142 2686 Ρ.;
1163 2652 1309 2686 egredi,
1329 2651 1370 2687 C.,
1392 2651 1422 2680 S.
1443 2660 1473 2681 u.
1492 2653 1552 2689 Mg.

288 2705 337 2737 ¹21¹·
357 2704 628 2738 abactionem,
651 2701 691 2728 Μ.
723 2702 774 2736 ΤΞ]
794 2700 1018 2734 *cinisque
1039 2697 1167 2734 nigellis²
1187 2699 1216 2726 C.
1237 2706 1264 2724 u.
1287 2697 1317 2726 S.
