1702 2939
601 221 667 273 j-
725 217 809 260 233
867 244 925 250 -

679 333 861 374 Maria.

82 403 393 456 Aliquantulum
424 403 513 443 auri
542 403 801 456 vestiumque
831 403 1039 456 posside03
1072 403 1180 456 quod
1209 403 1280 442 tua
1311 402 1361 442 de
1391 402 1453 442 his

83 472 301 513 auctoritas
333 472 576 521 decreverit,
610 476 796 525 expecto.

631 542 902 580 Abraham.

84 610 200 656 Quae
245 610 459 662 adquisisti
476 610 529 663 5ξ’)
574 611 804 663 peccando,
851 623 942 650 oum
985 609 1084 662 ipsis
1130 609 1310 663 peccatis
1359 610 1455 650 sunt

85 679 307 718 abicienda.

677 735 854 776 Maria.

82 805 221 845 Rebar
262 805 509 858 pauperibus
554 805 784 856 eroganda,
832 818 906 844 seu
948 804 1075 844 sacris
1121 817 1212 844 esse
1257 804 1456 844 altaribus

89 874 306 914 offerenda.

630 931 669 971 A
680 933 705 971 b
717 945 738 970 r
747 944 769 970 a
781 931 806 970 h
820 943 842 970 a
854 945 904 970 m.

83 1000 174 1040 Non
207 1000 305 1040 satis
338 1000 591 1053 acceptabile
622 1014 770 1041 munus
787 1001 874 1040 Deo
901 1013 993 1039 esse
1027 1001 1313 1053 conprobatur,
1347 998 1455 1052 quod

87 1069 319 1108 criminibus
351 1069 591 1121 adquiritur.

683 1125 789 1166 Mar
802 1127 814 1165 i
825 1139 858 1165 a.

84 1195 207 1236 Nulla
238 1208 362 1257 super
392 1195 455 1234 his
486 1196 596 1235 ultra
628 1196 900 1235 sollicitudine
932 1195 1094 1247 fatigar.

635 1265 674 1304 A
685 1266 708 1304 b
721 1278 739 1303 r
752 1277 774 1303 a
784 1265 809 1303 h
823 1277 846 1303 a
859 1278 907 1302 m.

85 1322 244 1363 Matuta
275 1322 450 1371 nitescit,
481 1322 660 1371 lucessit,
679 1323 735 1373 5⁹)
765 1323 971 1361 abeamus.

686 1390 865 1429 Maria.

88 1449 221 1488 Tuum
253 1450 327 1495 est,
358 1450 476 1501 pater
508 1449 692 1496 amande,
724 1454 769 1487 ut
799 1449 851 1486 ad
881 1447 1009 1486 instar
1039 1447 1134 1486 boni
1150 1447 1325 1500 pastoris
1343 1460 1461 1500 prae-

86 1518 207 1558 cedas
237 1522 445 1570 repertam
476 1531 605 1565 ovem,
639 1523 680 1556 et
711 1530 800 1568 ego,
832 1517 999 1569 paribus
1030 1517 1224 1556 incedens
1255 1517 1457 1568 vestigiis,

86 1588 313 1639 subsequor
345 1587 675 1639 praecedentem.

638 1654 910 1694 Abraham.

85 1724 201 1765 Haut
246 1725 323 1774 ita3
369 1724 443 1762 sed
489 1737 565 1775 ego
612 1723 784 1776 pedibus
829 1723 1039 1770 incedam,
1085 1724 1126 1761 te
1175 1725 1313 1762 autem
1359 1735 1462 1774 equo

89 1806 375 1848 superponam,
407 1806 458 1831 ne
489 1792 645 1831 itineris
676 1791 877 1844 asperitas
909 1796 1023 1830 secet
1053 1794 1218 1830 teneras
1248 1792 1423 1844 plantas,

686 1860 867 1899 Maria.

89 1931 135 1980 O,
167 1943 287 1983 quem
318 1932 358 1970 te
387 1931 636 1970 memorem?
684 1929 818 1974 Quam
856 1929 928 1968 tibi
973 1929 1200 1981 gratiarum
1238 1928 1459 1981 inpendam

88 2000 521 2053 recompensationem,
555 1998 623 2051 qui
652 2012 716 2037 me
748 1998 958 2049 indignam
974 1998 1234 2038 miseratione
1266 2011 1346 2036 non
1377 2002 1458 2036 ter-

90 2083 182 2109 rore
214 2069 343 2120 cogis,
384 2069 458 2106 sed
496 2067 583 2106 miti
623 2067 968 2106 condescensione
985 2067 1037 2119 ⁶⁰)
1080 2067 1131 2106 ad
1170 2065 1463 2119 poenitentiam

93 2137 269 2177 hortaris
287 2138 306 2176 Ῥ

644 2192 681 2232 A
692 2194 716 2232 b
727 2206 748 2231 r
759 2205 781 2231 a
793 2193 818 2231 h
829 2205 851 2231 a
863 2206 912 2230 m.

91 2264 202 2304 Nihil
242 2263 351 2302 aliud
390 2275 413 2301 a
443 2264 484 2301 te
526 2264 696 2314 expeto,
734 2261 814 2300 nisi
853 2262 899 2300 ut
936 2259 1139 2312 reliqu-um
1178 2259 1288 2300 vitae
1325 2260 1464 2300 inhae-

92 2333 219 2372 rendo
250 2332 416 2371 insistas
446 2331 524 2369 Dei
555 2330 758 2382 obsequio.

693 2398 872 2437 Maria.

96 2469 329 2523 Spontanea
359 2472 494 2509 mente
524 2469 778 2516 inhaeream,
809 2481 883 2520 pro
913 2467 1069 2507 viribus
1101 2467 1305 2515 insistam,
1347 2468 1400 2515 et,
1432 2467 1466 2505 si

95 2539 269 2578 facultas
302 2539 407 2578 desit
436 2551 568 2591 posse,
599 2549 819 2590 numquam
850 2539 986 2576 tamen
1019 2536 1149 2576 deerit
1179 2536 1299 2575 velle.

131 2652 181 2687 58)
201 2652 428 2685 acquisisti.
450 2651 506 2685 Mg.
546 2652 595 2685 59)
616 2650 788 2683 lucescit,
812 2650 852 2684 C.⁷
874 2649 903 2678 S.
926 2658 952 2677 u.
979 2649 1056 2686 Mg.3
1089 2648 1180 2683 vergi.
1210 2648 1242 2675 L.
1265 2647 1284 2673 1.
1313 2646 1387 2672 Mar.
1405 2647 1467 2674 210,

202 2699 253 2733 60)
275 2698 615 2732 condescentionc,
634 2697 673 2726 M.
