1702 2939
789 227 1102 270 —210—-

810 343 1092 383 Johannes

263 408 376 451 Nihil
404 410 625 451 terribilius
651 410 801 459 invido,
832 412 931 451 nihil
961 411 1176 451 scelestius
1207 413 1395 466 superbo.

751 479 1138 520 Androniohus.

264 547 447 601 Uterque
477 548 728 588 miserabilis

810 616 1094 656 Johannes

265 684 358 725 Una
403 685 626 737 eademque
670 697 847 737 persona
889 689 1061 737 utroque
1106 698 1268 738 semper
1310 685 1469 724 laborat
1511 683 1623 734 vitio,

266 753 359 805 quia
389 758 580 792 neutrum
609 753 696 792 sinc
727 753 868 792 altero.

717 820 1100 860 Andronichus.
1123 821 1175 874 ⁵⁶)

265 889 440 943 Expone
471 890 733 930 enucleatius.

813 957 839 998 J
851 971 872 998 o
884 958 941 997 ha
952 971 979 997 n
990 971 1016 996 n
1031 971 1052 996 e
1065 971 1095 996 s.

265 1026 370 1065 Nam
400 1027 468 1078 qui
498 1026 692 1079 superbit,
721 1026 893 1075 invidet,
926 1029 968 1066 et
997 1027 1064 1078 qui
1092 1026 1270 1074 invidet,
1302 1025 1504 1079 superbit,
1537 1025 1630 1078 quia

265 1107 380 1133 mens
409 1095 565 1143 invida,
597 1095 692 1133 dum
721 1095 895 1134 alienam
924 1094 1086 1133 laudem
1116 1107 1192 1133 nee
1222 1094 1375 1147 patitur
1405 1093 1558 1142 audire,
1590 1095 1631 1132 et

267 1163 329 1202 sui
346 1163 646 1216 comparatione
662 1163 929 1216 perfectiores
942 1162 1066 1202 ambit
1085 1163 1298 1211 vilescere,
1315 1162 1562 1214 dedignatur
1589 1161 1631 1200 in

267 1231 396 1270 subici
412 1232 663 1284 dignioribus
682 1235 722 1271 et
743 1232 918 1284 superbe
944 1234 1113 1271 conatur
1139 1230 1341 1283 praeferri
1361 1229 1630 1283 comparibus.

750 1299 1147 1339 Andronichus.

267 1357 400 1397 Patet.

816 1412 1085 1452 Johanncs

266 1481 386 1522 Unde
415 1481 493 1520 iste
522 1480 772 1520 miserrimus
801 1481 1097 1519 vulnerabatur
1125 1482 1282 1529 mente,
1327 1479 1442 1532 quia,
1482 1492 1528 1518 se
1570 1478 1633 1518 his

266 1550 501 1589 inferiorem
531 1550 746 1597 aestimari,
759 1549 812 1601 ⁵⁷)
842 1563 922 1588 non
953 1549 1158 1598 sustinuit,
1188 1549 1229 1588 in
1271 1548 1361 1601 quis
1391 1547 1627 1601 ampliorem

268 1618 344 1658 Dei
374 1619 548 1670 gratiam
577 1618 717 1657 lucere
747 1631 827 1657 non
856 1617 1041 1656 nescivit.

750 1697 1139 1737 AndronichuS.

267 1765 388 1805 Nunc
418 1765 585 1805 tandem
629 1756 826 1818 intellego
844 1798 853 1814 ,
904 1766 1011 1818 quod
1054 1766 1161 1805 inter
1205 1765 1425 1817 surgentes
1469 1762 1631 1803 minime

269 1837 333 1874 est
362 1837 629 1888 computatus,
660 1834 753 1886 quia
783 1834 894 1874 ocius
925 1836 1014 1872 erat
1041 1834 1270 1873 moriturus.

815 1913 1097 1953 Johannes

268 1980 428 2033 Dignus
459 1984 522 2021 est
561 1982 667 2020 enim
706 1985 879 2033 utraque
917 1984 1068 2028 morte,
1109 1979 1202 2032 quia
1232 1982 1273 2019 ct
1311 1979 1631 2019 commendatum

268 2051 390 2089 funus
421 2049 621 2090 afficiebat
649 2050 818 2103 injuria,
851 2051 892 2089 et
920 2051 1188 2101 resurgentes
1218 2048 1370 2102 injusto
1401 2047 1628 2086 insectaba-

268 2121 335 2158 tur
371 2118 472 2158 odio.

758 2174 1142 2214 Androniehus.

269 2242 429 2283 Jnfelix
458 2244 522 2282 est
549 2243 743 2282 mortuus.

814 2310 1098 2350 Johannes

269 2378 526 2418 Recedamus
557 2391 756 2430 suumque
787 2378 946 2418 diabolo
977 2378 1102 2417 filium
1132 2377 1419 2428 relinquamus.
1459 2375 1544 2415 Nos
1560 2387 1630 2414 au-

269 2452 353 2486 tem
384 2447 489 2484 diem
519 2447 660 2494 istum,
693 2451 734 2485 et
763 2460 836 2498 pro
867 2446 1050 2484 miranda
1080 2444 1298 2484 Calimachi
1327 2443 1560 2490 mutatione,
1590 2445 1634 2482 et

268 2528 342 2567 pro
372 2515 584 2566 utriusque
615 2514 936 2563 resuscitatione,
968 2527 1059 2553 cum
1078 2512 1232 2552 laetitia
1261 2525 1444 2564 agamus,
1475 2511 1632 2565 gratias

303 2683 354 2716 56)
373 2681 484 2708 Andr.
507 2680 581 2720 ftht
600 2681 628 2708 in
650 2679 691 2710 M.
728 2681 778 2716 57]
799 2681 1023 2715 aestimare,
1045 2678 1076 2708 C.
1098 2689 1127 2708 u.
1149 2679 1178 2709 S.
