<?xml version="1.0" encoding="UTF-8"?>
<!DOCTYPE html PUBLIC "-//W3C//DTD XHTML 1.0 Transitional//EN"
    "http://www.w3.org/TR/xhtml1/DTD/xhtml1-transitional.dtd">
<html xmlns="http://www.w3.org/1999/xhtml" xml:lang="en" lang="en">
 <head>
  <title>
</title>
<meta http-equiv="Content-Type" content="text/html;charset=utf-8" />
  <meta name='ocr-system' content='tesseract 3.04.00' />
  <meta name='ocr-capabilities' content='ocr_page ocr_carea ocr_par ocr_line ocrx_word'/>
</head>
<body>
  <div class='ocr_page' id='page_1' title='image "./diewerke00hrotuoft_0387.png"; bbox 0 0 1702 2939; ppageno 0'>
   <div class='ocr_carea' id='block_1_1' title="bbox 71 2376 216 2382">
    <p class='ocr_par' dir='ltr' id='par_1_1' title="bbox 71 2376 216 2382">
     <span class='ocr_line' id='line_1_1' title="bbox 71 2376 216 2382; baseline 0 0"><span class='ocrx_word' id='word_1_1' title='bbox 71 2376 216 2382; x_wconf 95' lang='lat' dir='ltr'> </span> 
     </span>
    </p>
   </div>
   <div class='ocr_carea' id='block_1_2' title="bbox 627 183 942 226">
    <p class='ocr_par' dir='ltr' id='par_1_2' title="bbox 627 183 942 226">
     <span class='ocr_line' id='line_1_2' title="bbox 627 183 942 226; baseline 0 0"><span class='ocrx_word' id='word_1_2' title='bbox 627 183 942 226; x_wconf 84' lang='lat'>—309—</span> 
     </span>
    </p>
   </div>
   <div class='ocr_carea' id='block_1_3' title="bbox 83 810 1428 1365">
    <p class='ocr_par' dir='ltr' id='par_1_3' title="bbox 89 810 1428 1017">
     <span class='ocr_line' id='line_1_3' title="bbox 205 810 1428 880; baseline 0.001 -14"><span class='ocrx_word' id='word_1_3' title='bbox 205 810 443 878; x_wconf 77' lang='lat' dir='ltr'>Postquam</span> <span class='ocrx_word' id='word_1_4' title='bbox 472 841 550 866; x_wconf 78' lang='lat' dir='ltr'>rex</span> <span class='ocrx_word' id='word_1_5' title='bbox 580 840 739 879; x_wconf 81' lang='lat' dir='ltr'>regum,</span> <span class='ocrx_word' id='word_1_6' title='bbox 778 828 847 880; x_wconf 86' lang='lat' dir='ltr'>qui</span> <span class='ocrx_word' id='word_1_7' title='bbox 878 829 988 867; x_wconf 78' lang='lat' dir='ltr'>solus</span> <span class='ocrx_word' id='word_1_8' title='bbox 1018 830 1169 879; x_wconf 84' lang='lat' dir='ltr'>regnat</span> <span class='ocrx_word' id='word_1_9' title='bbox 1197 828 1238 867; x_wconf 90' lang='lat' dir='ltr'>in</span> <span class='ocrx_word' id='word_1_10' title='bbox 1270 840 1428 876; x_wconf 84' lang='lat' dir='ltr'>aevum,</span> 
     </span>
     <span class='ocr_line' id='line_1_4' title="bbox 89 896 1342 949; baseline -0.002 -11"><span class='ocrx_word' id='word_1_11' title='bbox 89 896 153 939; x_wconf 82' lang='lat'>75.</span> <span class='ocrx_word' id='word_1_12' title='bbox 199 898 280 937; x_wconf 87' lang='lat' dir='ltr'>Per</span> <span class='ocrx_word' id='word_1_13' title='bbox 312 911 356 937; x_wconf 84' lang='lat' dir='ltr'>se</span> <span class='ocrx_word' id='word_1_14' title='bbox 388 902 626 936; x_wconf 84' lang='lat' dir='ltr'>cunctorum</span> <span class='ocrx_word' id='word_1_15' title='bbox 656 901 934 936; x_wconf 80' lang='lat' dir='ltr'>transmutans</span> <span class='ocrx_word' id='word_1_16' title='bbox 965 900 1151 949; x_wconf 80' lang='lat' dir='ltr'>tempora</span> <span class='ocrx_word' id='word_1_17' title='bbox 1184 910 1342 948; x_wconf 83' lang='lat' dir='ltr'>regum,</span> 
     </span>
     <span class='ocr_line' id='line_1_5' title="bbox 202 966 1238 1017; baseline -0.002 -11"><span class='ocrx_word' id='word_1_18' title='bbox 202 967 333 1007; x_wconf 78' lang='lat' dir='ltr'>Jussit</span> <span class='ocrx_word' id='word_1_19' title='bbox 362 967 617 1005; x_wconf 77' lang='lat' dir='ltr'>Francorum</span> <span class='ocrx_word' id='word_1_20' title='bbox 646 966 865 1005; x_wconf 76' lang='lat' dir='ltr'>transferri</span> <span class='ocrx_word' id='word_1_21' title='bbox 896 966 1031 1006; x_wconf 82' lang='lat' dir='ltr'>nobile</span> <span class='ocrx_word' id='word_1_22' title='bbox 1061 979 1238 1017; x_wconf 82' lang='lat' dir='ltr'>regnum</span> 
     </span>
    </p>

    <p class='ocr_par' dir='ltr' id='par_1_4' title="bbox 201 1034 1330 1087">
     <span class='ocr_line' id='line_1_6' title="bbox 201 1034 1330 1087; baseline -0.002 -12"><span class='ocrx_word' id='word_1_23' title='bbox 201 1036 267 1075; x_wconf 86' lang='lat' dir='ltr'>Ad</span> <span class='ocrx_word' id='word_1_24' title='bbox 301 1036 453 1075; x_wconf 83' lang='lat' dir='ltr'>claram</span> <span class='ocrx_word' id='word_1_25' title='bbox 483 1038 650 1087; x_wconf 81' lang='lat' dir='ltr'>gentem</span> <span class='ocrx_word' id='word_1_26' title='bbox 681 1034 902 1083; x_wconf 77' lang='lat' dir='ltr'>Saxonum,</span> <span class='ocrx_word' id='word_1_27' title='bbox 931 1048 1079 1074; x_wconf 88' lang='lat' dir='ltr'>nomen</span> <span class='ocrx_word' id='word_1_28' title='bbox 1108 1035 1330 1074; x_wconf 74' lang='lat' dir='ltr'>habentem</span> 
     </span>
    </p>

    <p class='ocr_par' dir='ltr' id='par_1_5' title="bbox 200 1104 1210 1157">
     <span class='ocr_line' id='line_1_7' title="bbox 200 1104 1210 1157; baseline -0.002 -13"><span class='ocrx_word' id='word_1_29' title='bbox 200 1105 237 1144; x_wconf 80' lang='lat' dir='ltr'>A</span> <span class='ocrx_word' id='word_1_30' title='bbox 270 1117 370 1144; x_wconf 78' lang='lat' dir='ltr'>saxo</span> <span class='ocrx_word' id='word_1_31' title='bbox 402 1118 476 1157; x_wconf 87' lang='lat' dir='ltr'>per</span> <span class='ocrx_word' id='word_1_32' title='bbox 507 1105 697 1144; x_wconf 86' lang='lat' dir='ltr'>duritiam</span> <span class='ocrx_word' id='word_1_33' title='bbox 727 1105 875 1143; x_wconf 82' lang='lat' dir='ltr'>mentis</span> <span class='ocrx_word' id='word_1_34' title='bbox 905 1106 1012 1143; x_wconf 87' lang='lat' dir='ltr'>bene</span> <span class='ocrx_word' id='word_1_35' title='bbox 1042 1104 1210 1152; x_wconf 84' lang='lat' dir='ltr'>firmam,</span> 
     </span>
    </p>

    <p class='ocr_par' dir='ltr' id='par_1_6' title="bbox 198 1173 1196 1225">
     <span class='ocr_line' id='line_1_8' title="bbox 198 1173 1196 1225; baseline -0.001 -13"><span class='ocrx_word' id='word_1_36' title='bbox 198 1174 327 1213; x_wconf 84' lang='lat' dir='ltr'>Filius</span> <span class='ocrx_word' id='word_1_37' title='bbox 359 1173 540 1213; x_wconf 87' lang='lat' dir='ltr'>Oddonis</span> <span class='ocrx_word' id='word_1_38' title='bbox 571 1174 710 1225; x_wconf 80' lang='lat' dir='ltr'>magni</span> <span class='ocrx_word' id='word_1_39' title='bbox 741 1174 855 1212; x_wconf 82' lang='lat' dir='ltr'>ducis</span> <span class='ocrx_word' id='word_1_40' title='bbox 888 1175 928 1212; x_wconf 89' lang='lat' dir='ltr'>et</span> <span class='ocrx_word' id='word_1_41' title='bbox 957 1173 1196 1221; x_wconf 80' lang='lat' dir='ltr'>venerandi,</span> 
     </span>
    </p>

    <p class='ocr_par' dir='ltr' id='par_1_7' title="bbox 83 1241 1151 1295">
     <span class='ocr_line' id='line_1_9' title="bbox 83 1241 1151 1295; baseline -0.002 -12"><span class='ocrx_word' id='word_1_42' title='bbox 83 1241 148 1284; x_wconf 88' lang='lat'>80.</span> <span class='ocrx_word' id='word_1_43' title='bbox 195 1243 361 1283; x_wconf 75' lang='lat' dir='ltr'>Scilicet</span> <span class='ocrx_word' id='word_1_44' title='bbox 390 1242 607 1291; x_wconf 75' lang='lat' dir='ltr'>Hem-icus,</span> <span class='ocrx_word' id='word_1_45' title='bbox 640 1242 822 1295; x_wconf 82' lang='lat' dir='ltr'>suscepit</span> <span class='ocrx_word' id='word_1_46' title='bbox 851 1242 967 1294; x_wconf 78' lang='lat' dir='ltr'>regia</span> <span class='ocrx_word' id='word_1_47' title='bbox 996 1242 1151 1295; x_wconf 83' lang='lat' dir='ltr'>primus</span> 
     </span>
    </p>

    <p class='ocr_par' dir='ltr' id='par_1_8' title="bbox 197 1311 1328 1365">
     <span class='ocr_line' id='line_1_10' title="bbox 197 1311 1328 1365; baseline -0.002 -13"><span class='ocrx_word' id='word_1_48' title='bbox 197 1312 314 1352; x_wconf 84' lang='lat' dir='ltr'>Justo</span> <span class='ocrx_word' id='word_1_49' title='bbox 345 1325 418 1365; x_wconf 85' lang='lat' dir='ltr'>pro</span> <span class='ocrx_word' id='word_1_50' title='bbox 450 1312 600 1364; x_wconf 80' lang='lat' dir='ltr'>populo</span> <span class='ocrx_word' id='word_1_51' title='bbox 631 1311 906 1351; x_wconf 78' lang='lat' dir='ltr'>moderamine</span> <span class='ocrx_word' id='word_1_52' title='bbox 939 1314 1103 1364; x_wconf 80' lang='lat' dir='ltr'>sceptra</span> <span class='ocrx_word' id='word_1_53' title='bbox 1133 1311 1328 1363; x_wconf 84' lang='lat' dir='ltr'>gerenda.</span> 
     </span>
    </p>
   </div>
   <div class='ocr_carea' id='block_1_4' title="bbox 74 1449 1447 2324">
    <p class='ocr_par' dir='ltr' id='par_1_9' title="bbox 192 1449 1257 1502">
     <span class='ocr_line' id='line_1_11' title="bbox 192 1449 1257 1502; baseline -0.001 -13"><span class='ocrx_word' id='word_1_54' title='bbox 192 1450 271 1489; x_wconf 88' lang='lat' dir='ltr'>Hic</span> <span class='ocrx_word' id='word_1_55' title='bbox 301 1450 462 1502; x_wconf 83' lang='lat' dir='ltr'>pollens</span> <span class='ocrx_word' id='word_1_56' title='bbox 495 1452 671 1502; x_wconf 82' lang='lat' dir='ltr'>quantae</span> <span class='ocrx_word' id='word_1_57' title='bbox 702 1450 839 1489; x_wconf 83' lang='lat' dir='ltr'>fuerat</span> <span class='ocrx_word' id='word_1_58' title='bbox 868 1449 1059 1489; x_wconf 83' lang='lat' dir='ltr'>bonitatis</span> <span class='ocrx_word' id='word_1_59' title='bbox 1090 1449 1257 1498; x_wconf 84' lang='lat' dir='ltr'>honore,</span> 
     </span>
    </p>

    <p class='ocr_par' dir='ltr' id='par_1_10' title="bbox 78 1518 1317 1709">
     <span class='ocr_line' id='line_1_12' title="bbox 190 1518 1187 1571; baseline 0 -13"><span class='ocrx_word' id='word_1_60' title='bbox 190 1518 245 1558; x_wconf 78' lang='lat' dir='ltr'>Et</span> <span class='ocrx_word' id='word_1_61' title='bbox 277 1521 429 1570; x_wconf 82' lang='lat' dir='ltr'>quanta</span> <span class='ocrx_word' id='word_1_62' title='bbox 458 1519 629 1571; x_wconf 77' lang='lat' dir='ltr'>populos</span> <span class='ocrx_word' id='word_1_63' title='bbox 660 1519 770 1558; x_wconf 79' lang='lat' dir='ltr'>rexit</span> <span class='ocrx_word' id='word_1_64' title='bbox 800 1519 954 1571; x_wconf 82' lang='lat' dir='ltr'>pietate</span> <span class='ocrx_word' id='word_1_65' title='bbox 984 1520 1187 1567; x_wconf 79' lang='lat' dir='ltr'>subactos,</span> 
     </span>
     <span class='ocr_line' id='line_1_13' title="bbox 192 1588 1317 1640; baseline 0 -14"><span class='ocrx_word' id='word_1_66' title='bbox 192 1588 381 1633; x_wconf 79' lang='lat' dir='ltr'>Qualiter</span> <span class='ocrx_word' id='word_1_67' title='bbox 414 1590 455 1627; x_wconf 88' lang='lat' dir='ltr'>et</span> <span class='ocrx_word' id='word_1_68' title='bbox 484 1601 607 1639; x_wconf 82' lang='lat' dir='ltr'>reges</span> <span class='ocrx_word' id='word_1_69' title='bbox 638 1588 793 1626; x_wconf 71' lang='lat' dir='ltr'>meritis</span> <span class='ocrx_word' id='word_1_70' title='bbox 824 1591 922 1627; x_wconf 90' lang='lat' dir='ltr'>tunc</span> <span class='ocrx_word' id='word_1_71' title='bbox 952 1588 1147 1640; x_wconf 83' lang='lat' dir='ltr'>temporis</span> <span class='ocrx_word' id='word_1_72' title='bbox 1177 1600 1317 1627; x_wconf 85' lang='lat' dir='ltr'>omnes</span> 
     </span>
     <span class='ocr_line' id='line_1_14' title="bbox 78 1654 1157 1709; baseline -0.001 -13"><span class='ocrx_word' id='word_1_73' title='bbox 78 1654 143 1696; x_wconf 81' lang='grc'>85.</span> <span class='ocrx_word' id='word_1_74' title='bbox 190 1656 425 1696; x_wconf 85' lang='lat' dir='ltr'>Praeminet</span> <span class='ocrx_word' id='word_1_75' title='bbox 456 1656 627 1705; x_wconf 77' lang='lat' dir='ltr'>exinn&#39;is,</span> <span class='ocrx_word' id='word_1_76' title='bbox 661 1656 827 1696; x_wconf 78' lang='lat' dir='ltr'>excedit</span> <span class='ocrx_word' id='word_1_77' title='bbox 857 1656 1032 1709; x_wconf 86' lang='lat' dir='ltr'>denique</span> <span class='ocrx_word' id='word_1_78' title='bbox 1063 1657 1157 1695; x_wconf 78' lang='lat' dir='ltr'>vilis</span> 
     </span>
    </p>

    <p class='ocr_par' dir='ltr' id='par_1_11' title="bbox 188 1725 1139 1777">
     <span class='ocr_line' id='line_1_15' title="bbox 188 1725 1139 1777; baseline 0.001 -14"><span class='ocrx_word' id='word_1_79' title='bbox 188 1725 324 1777; x_wconf 84' lang='lat' dir='ltr'>Hujus</span> <span class='ocrx_word' id='word_1_80' title='bbox 355 1725 567 1764; x_wconf 78' lang='lat' dir='ltr'>carminuli</span> <span class='ocrx_word' id='word_1_81' title='bbox 598 1727 769 1773; x_wconf 78' lang='lat' dir='ltr'>textum,</span> <span class='ocrx_word' id='word_1_82' title='bbox 799 1725 965 1764; x_wconf 87' lang='lat' dir='ltr'>nimium</span> <span class='ocrx_word' id='word_1_83' title='bbox 994 1725 1139 1765; x_wconf 71' lang='lat' dir='ltr'>vitiosi.</span> 
     </span>
    </p>

    <p class='ocr_par' dir='ltr' id='par_1_12' title="bbox 188 1793 1380 1916">
     <span class='ocr_line' id='line_1_16' title="bbox 188 1793 1380 1848; baseline 0.002 -16"><span class='ocrx_word' id='word_1_84' title='bbox 188 1794 295 1833; x_wconf 72' lang='lat' dir='ltr'>Nam</span> <span class='ocrx_word' id='word_1_85' title='bbox 324 1794 400 1833; x_wconf 85' lang='lat' dir='ltr'>fuit</span> <span class='ocrx_word' id='word_1_86' title='bbox 428 1793 591 1832; x_wconf 84' lang='lat' dir='ltr'>immitis</span> <span class='ocrx_word' id='word_1_87' title='bbox 621 1794 818 1846; x_wconf 78' lang='lat' dir='ltr'>reprobis,</span> <span class='ocrx_word' id='word_1_88' title='bbox 850 1795 1024 1833; x_wconf 80' lang='lat' dir='ltr'>blandus</span> <span class='ocrx_word' id='word_1_89' title='bbox 1057 1808 1219 1848; x_wconf 85' lang='lat' dir='ltr'>quoque</span> <span class='ocrx_word' id='word_1_90' title='bbox 1245 1794 1380 1848; x_wconf 75' lang='lat' dir='ltr'>justiS‚</span> 
     </span>
     <span class='ocr_line' id='line_1_17' title="bbox 191 1862 1118 1916; baseline 0.002 -15"><span class='ocrx_word' id='word_1_91' title='bbox 191 1862 354 1902; x_wconf 79' lang='lat' dir='ltr'>Summo</span> <span class='ocrx_word' id='word_1_92' title='bbox 387 1875 638 1902; x_wconf 73' lang='lat' dir='ltr'>conservans</span> <span class='ocrx_word' id='word_1_93' title='bbox 670 1863 802 1902; x_wconf 78' lang='lat' dir='ltr'>studio</span> <span class='ocrx_word' id='word_1_94' title='bbox 834 1864 988 1915; x_wconf 80' lang='lat' dir='ltr'>legalia</span> <span class='ocrx_word' id='word_1_95' title='bbox 1012 1865 1118 1916; x_wconf 83' lang='lat' dir='ltr'>jura,</span> 
     </span>
    </p>

    <p class='ocr_par' dir='ltr' id='par_1_13' title="bbox 74 1922 1447 2123">
     <span class='ocr_line' id='line_1_18' title="bbox 187 1922 1447 1985; baseline 0 -15"><span class='ocrx_word' id='word_1_96' title='bbox 187 1931 333 1983; x_wconf 82' lang='lat' dir='ltr'>Aequa</span> <span class='ocrx_word' id='word_1_97' title='bbox 364 1931 463 1971; x_wconf 85' lang='lat' dir='ltr'>satis</span> <span class='ocrx_word' id='word_1_98' title='bbox 492 1932 647 1971; x_wconf 79' lang='lat' dir='ltr'>meritis</span> <span class='ocrx_word' id='word_1_99' title='bbox 677 1933 856 1971; x_wconf 82' lang='lat' dir='ltr'>reddens</span> <span class='ocrx_word' id='word_1_100' title='bbox 887 1946 1048 1984; x_wconf 85' lang='lat' dir='ltr'>quoque</span> <span class='ocrx_word' id='word_1_101' title='bbox 1078 1922 1260 1985; x_wconf 74' lang='lat' dir='ltr'>praemia</span> <span class='ocrx_word' id='word_1_102' title='bbox 1279 1931 1447 1972; x_wconf 77' lang='lat' dir='ltr'>cunctis.</span> 
     </span>
     <span class='ocr_line' id='line_1_19' title="bbox 74 1997 1295 2053; baseline 0.002 -15"><span class='ocrx_word' id='word_1_103' title='bbox 74 1997 139 2038; x_wconf 81' lang='grc'>90.</span> <span class='ocrx_word' id='word_1_104' title='bbox 183 1999 291 2039; x_wconf 82' lang='lat' dir='ltr'>Huic</span> <span class='ocrx_word' id='word_1_105' title='bbox 321 2014 398 2039; x_wconf 79' lang='lat' dir='ltr'>rex</span> <span class='ocrx_word' id='word_1_106' title='bbox 431 2001 625 2053; x_wconf 85' lang='lat' dir='ltr'>pacificus</span> <span class='ocrx_word' id='word_1_107' title='bbox 657 2002 828 2041; x_wconf 82' lang='lat' dir='ltr'>dederat</span> <span class='ocrx_word' id='word_1_108' title='bbox 859 2002 909 2040; x_wconf 90' lang='lat' dir='ltr'>de</span> <span class='ocrx_word' id='word_1_109' title='bbox 941 2001 1077 2040; x_wconf 84' lang='lat' dir='ltr'>sidere</span> <span class='ocrx_word' id='word_1_110' title='bbox 1109 2000 1295 2042; x_wconf 77' lang='lat' dir='ltr'>Christus</span> 
     </span>
     <span class='ocr_line' id='line_1_20' title="bbox 186 2068 1141 2123; baseline 0.003 -17"><span class='ocrx_word' id='word_1_111' title='bbox 186 2068 289 2121; x_wconf 77' lang='lat' dir='ltr'>Ejus</span> <span class='ocrx_word' id='word_1_112' title='bbox 321 2069 484 2107; x_wconf 80' lang='lat' dir='ltr'>civilem</span> <span class='ocrx_word' id='word_1_113' title='bbox 514 2069 625 2108; x_wconf 83' lang='lat' dir='ltr'>vitae</span> <span class='ocrx_word' id='word_1_114' title='bbox 655 2083 731 2122; x_wconf 86' lang='lat' dir='ltr'>per</span> <span class='ocrx_word' id='word_1_115' title='bbox 761 2073 947 2122; x_wconf 84' lang='lat' dir='ltr'>tempora</span> <span class='ocrx_word' id='word_1_116' title='bbox 977 2082 1141 2123; x_wconf 78' lang='lat' dir='ltr'>pacem3</span> 
     </span>
    </p>

    <p class='ocr_par' dir='ltr' id='par_1_14' title="bbox 188 2136 1195 2190">
     <span class='ocr_line' id='line_1_21' title="bbox 188 2136 1195 2190; baseline 0.002 -15"><span class='ocrx_word' id='word_1_117' title='bbox 188 2136 332 2176; x_wconf 88' lang='lat' dir='ltr'>Omine</span> <span class='ocrx_word' id='word_1_118' title='bbox 363 2137 473 2176; x_wconf 74' lang='lat' dir='ltr'>felici</span> <span class='ocrx_word' id='word_1_119' title='bbox 503 2138 636 2177; x_wconf 88' lang='lat' dir='ltr'>tenuit</span> <span class='ocrx_word' id='word_1_120' title='bbox 666 2152 826 2190; x_wconf 87' lang='lat' dir='ltr'>quoque</span> <span class='ocrx_word' id='word_1_121' title='bbox 858 2139 1034 2178; x_wconf 81' lang='lat' dir='ltr'>culmina</span> <span class='ocrx_word' id='word_1_122' title='bbox 1063 2138 1195 2189; x_wconf 85' lang='lat' dir='ltr'>regni,</span> 
     </span>
    </p>

    <p class='ocr_par' dir='ltr' id='par_1_15' title="bbox 184 2205 1148 2260">
     <span class='ocr_line' id='line_1_22' title="bbox 184 2205 1148 2260; baseline 0.002 -16"><span class='ocrx_word' id='word_1_123' title='bbox 184 2205 239 2244; x_wconf 75' lang='lat' dir='ltr'>Ni</span> <span class='ocrx_word' id='word_1_124' title='bbox 269 2206 400 2254; x_wconf 82' lang='lat' dir='ltr'>fallor,</span> <span class='ocrx_word' id='word_1_125' title='bbox 433 2207 559 2245; x_wconf 79' lang='lat' dir='ltr'>denos</span> <span class='ocrx_word' id='word_1_126' title='bbox 590 2206 765 2246; x_wconf 83' lang='lat' dir='ltr'>labentis</span> <span class='ocrx_word' id='word_1_127' title='bbox 796 2208 989 2260; x_wconf 79' lang='lat' dir='ltr'>temporis</span> <span class='ocrx_word' id='word_1_128' title='bbox 1020 2219 1148 2246; x_wconf 81' lang='lat' dir='ltr'>annos</span> 
     </span>
    </p>

    <p class='ocr_par' dir='ltr' id='par_1_16' title="bbox 186 2274 1183 2324">
     <span class='ocr_line' id='line_1_23' title="bbox 186 2274 1183 2324; baseline 0.003 -11"><span class='ocrx_word' id='word_1_129' title='bbox 186 2274 356 2314; x_wconf 81' lang='lat' dir='ltr'>Necnon</span> <span class='ocrx_word' id='word_1_130' title='bbox 387 2275 448 2314; x_wconf 79' lang='lat' dir='ltr'>bis</span> <span class='ocrx_word' id='word_1_131' title='bbox 479 2281 620 2314; x_wconf 79' lang='lat' dir='ltr'>ternos</span> <span class='ocrx_word' id='word_1_132' title='bbox 650 2276 822 2315; x_wconf 88' lang='lat' dir='ltr'>multum</span> <span class='ocrx_word' id='word_1_133' title='bbox 853 2276 1028 2316; x_wconf 84' lang='lat' dir='ltr'>feliciter</span> <span class='ocrx_word' id='word_1_134' title='bbox 1058 2279 1183 2324; x_wconf 80' lang='lat' dir='ltr'>actos,</span> 
     </span>
    </p>
   </div>
   <div class='ocr_carea' id='block_1_5' title="bbox 219 2378 309 2381">
    <p class='ocr_par' dir='ltr' id='par_1_17' title="bbox 219 2378 309 2381">
     <span class='ocr_line' id='line_1_24' title="bbox 219 2378 309 2381; baseline 0 0"><span class='ocrx_word' id='word_1_135' title='bbox 219 2378 309 2381; x_wconf 95' lang='lat' dir='ltr'> </span> 
     </span>
    </p>
   </div>
   <div class='ocr_carea' id='block_1_6' title="bbox 105 2429 1442 2702">
    <p class='ocr_par' dir='ltr' id='par_1_18' title="bbox 105 2429 1442 2702">
     <span class='ocr_line' id='line_1_25' title="bbox 105 2429 1441 2470; baseline 0.005 -16"><span class='ocrx_word' id='word_1_136' title='bbox 105 2431 147 2457; x_wconf 80' lang='grc' dir='ltr'>Π.</span> <span class='ocrx_word' id='word_1_137' title='bbox 168 2429 302 2464; x_wconf 75' lang='lat' dir='ltr'>Saxoriu,</span> <span class='ocrx_word' id='word_1_138' title='bbox 335 2431 375 2459; x_wconf 81' lang='lat' dir='ltr'>M.</span> <span class='ocrx_word' id='word_1_139' title='bbox 406 2432 464 2457; x_wconf 82' lang='lat' dir='ltr'>und</span> <span class='ocrx_word' id='word_1_140' title='bbox 493 2441 590 2466; x_wconf 83' lang='lat' dir='ltr'>urspr.</span> <span class='ocrx_word' id='word_1_141' title='bbox 622 2433 695 2459; x_wconf 80' lang='lat' dir='ltr'>auch</span> <span class='ocrx_word' id='word_1_142' title='bbox 719 2434 766 2466; x_wconf 85' lang='lat' dir='ltr'>P.;</span> <span class='ocrx_word' id='word_1_143' title='bbox 794 2435 885 2470; x_wconf 77' lang='lat' dir='ltr'>vergi.</span> <span class='ocrx_word' id='word_1_144' title='bbox 910 2438 1001 2462; x_wconf 84' lang='lat' dir='ltr'>unten</span> <span class='ocrx_word' id='word_1_145' title='bbox 1022 2434 1092 2469; x_wconf 70' lang='lat'>742,</span> <span class='ocrx_word' id='word_1_146' title='bbox 1114 2434 1144 2461; x_wconf 93' lang='lat' dir='ltr'>S.</span> <span class='ocrx_word' id='word_1_147' title='bbox 1162 2442 1192 2460; x_wconf 86' lang='lat' dir='ltr'>u.</span> <span class='ocrx_word' id='word_1_148' title='bbox 1211 2434 1243 2460; x_wconf 71' lang='lat' dir='ltr'>R.</span> <span class='ocrx_word' id='word_1_149' title='bbox 1272 2436 1372 2460; x_wconf 82' lang='lat' dir='ltr'>setzen</span> <span class='ocrx_word' id='word_1_150' title='bbox 1395 2432 1441 2459; x_wconf 80' lang='lat' dir='ltr'>die</span> 
     </span>
     <span class='ocr_line' id='line_1_26' title="bbox 172 2476 1442 2517; baseline 0.009 -16"><span class='ocrx_word' id='word_1_151' title='bbox 172 2476 274 2502; x_wconf 52' lang='lat' dir='ltr'>NVorte</span> <span class='ocrx_word' id='word_1_152' title='bbox 287 2485 342 2503; x_wconf 86' lang='lat' dir='ltr'>von</span> <span class='ocrx_word' id='word_1_153' title='bbox 360 2486 467 2504; x_wconf 84' lang='lat' dir='ltr'>nomen</span> <span class='ocrx_word' id='word_1_154' title='bbox 485 2479 530 2504; x_wconf 82' lang='lat' dir='ltr'>bis</span> <span class='ocrx_word' id='word_1_155' title='bbox 547 2479 658 2505; x_wconf 80' lang='lat' dir='ltr'>firmam</span> <span class='ocrx_word' id='word_1_156' title='bbox 676 2481 703 2505; x_wconf 84' lang='lat' dir='ltr'>in</span> <span class='ocrx_word' id='word_1_157' title='bbox 719 2480 908 2508; x_wconf 73' lang='lat' dir='ltr'>parenthese.</span> <span class='ocrx_word' id='word_1_158' title='bbox 933 2482 983 2516; x_wconf 80' lang='lat'>80)</span> <span class='ocrx_word' id='word_1_159' title='bbox 998 2482 1030 2510; x_wconf 83' lang='lat' dir='ltr'>P.</span> <span class='ocrx_word' id='word_1_160' title='bbox 1050 2481 1130 2507; x_wconf 79' lang='lat' dir='ltr'>hatte</span> <span class='ocrx_word' id='word_1_161' title='bbox 1147 2488 1241 2514; x_wconf 81' lang='lat' dir='ltr'>urspr-</span> <span class='ocrx_word' id='word_1_162' title='bbox 1254 2487 1378 2514; x_wconf 67' lang='lat' dir='ltr'>regnaa</span> <span class='ocrx_word' id='word_1_163' title='bbox 1391 2479 1442 2517; x_wconf 59' lang='lat' dir='ltr'>dfflf</span> 
     </span>
     <span class='ocr_line' id='line_1_27' title="bbox 177 2522 1441 2561; baseline 0.009 -14"><span class='ocrx_word' id='word_1_164' title='bbox 177 2522 334 2548; x_wconf 80' lang='lat' dir='ltr'>Corrector</span> <span class='ocrx_word' id='word_1_165' title='bbox 352 2527 445 2550; x_wconf 84' lang='lat' dir='ltr'>setzte</span> <span class='ocrx_word' id='word_1_166' title='bbox 466 2525 552 2550; x_wconf 75' lang='lat' dir='ltr'>dafiir</span> <span class='ocrx_word' id='word_1_167' title='bbox 570 2529 663 2551; x_wconf 82' lang='lat' dir='ltr'>stem</span> <span class='ocrx_word' id='word_1_168' title='bbox 674 2528 797 2554; x_wconf 76' lang='lat' dir='ltr'>matis.</span> <span class='ocrx_word' id='word_1_169' title='bbox 828 2528 871 2554; x_wconf 88' lang='grc'>81.</span> <span class='ocrx_word' id='word_1_170' title='bbox 895 2527 1045 2554; x_wconf 81' lang='lat' dir='ltr'>Fausto</span> <span class='ocrx_word' id='word_1_171' title='bbox 1066 2535 1118 2561; x_wconf 84' lang='lat' dir='ltr'>pro</span> <span class='ocrx_word' id='word_1_172' title='bbox 1139 2526 1258 2561; x_wconf 72' lang='lat' dir='ltr'>populo,</span> <span class='ocrx_word' id='word_1_173' title='bbox 1280 2526 1360 2560; x_wconf 83' lang='lat' dir='ltr'>Ptz.;</span> <span class='ocrx_word' id='word_1_174' title='bbox 1388 2532 1441 2557; x_wconf 69' lang='grc' dir='ltr'>ΡΟ·</span> 
     </span>
     <span class='ocr_line' id='line_1_28' title="bbox 173 2569 1440 2610; baseline 0.005 -17"><span class='ocrx_word' id='word_1_175' title='bbox 173 2569 272 2602; x_wconf 81' lang='lat' dir='ltr'>puli,</span> <span class='ocrx_word' id='word_1_176' title='bbox 294 2570 324 2596; x_wconf 93' lang='lat' dir='ltr'>C.</span> <span class='ocrx_word' id='word_1_177' title='bbox 346 2578 374 2596; x_wconf 88' lang='grc' dir='ltr'>ιι.</span> <span class='ocrx_word' id='word_1_178' title='bbox 396 2569 424 2596; x_wconf 90' lang='lat' dir='ltr'>S.</span> <span class='ocrx_word' id='word_1_179' title='bbox 464 2572 508 2597; x_wconf 76' lang='lat'>85.</span> <span class='ocrx_word' id='word_1_180' title='bbox 531 2573 694 2606; x_wconf 80' lang='lat' dir='ltr'>eximus,</span> <span class='ocrx_word' id='word_1_181' title='bbox 714 2572 754 2598; x_wconf 82' lang='lat' dir='ltr'>M.</span> <span class='ocrx_word' id='word_1_182' title='bbox 773 2574 969 2608; x_wconf 75' lang='lat' dir='ltr'>urspr.,dann</span> <span class='ocrx_word' id='word_1_183' title='bbox 991 2576 1127 2610; x_wconf 76' lang='lat' dir='ltr'>corrigirt</span> <span class='ocrx_word' id='word_1_184' title='bbox 1147 2576 1174 2601; x_wconf 85' lang='lat' dir='ltr'>in</span> <span class='ocrx_word' id='word_1_185' title='bbox 1195 2574 1369 2606; x_wconf 78' lang='lat' dir='ltr'>eximius,</span> <span class='ocrx_word' id='word_1_186' title='bbox 1388 2572 1440 2597; x_wconf 85' lang='lat' dir='ltr'>das</span> 
     </span>
     <span class='ocr_line' id='line_1_29' title="bbox 174 2614 1440 2652; baseline 0.006 -13"><span class='ocrx_word' id='word_1_187' title='bbox 174 2614 248 2640; x_wconf 83' lang='lat' dir='ltr'>auch</span> <span class='ocrx_word' id='word_1_188' title='bbox 269 2615 311 2649; x_wconf 51' lang='lat' dir='ltr'>C„</span> <span class='ocrx_word' id='word_1_189' title='bbox 331 2615 362 2643; x_wconf 82' lang='lat' dir='ltr'>S.</span> <span class='ocrx_word' id='word_1_190' title='bbox 384 2624 412 2644; x_wconf 84' lang='grc' dir='ltr'>ιι,</span> <span class='ocrx_word' id='word_1_191' title='bbox 435 2616 466 2642; x_wconf 69' lang='lat' dir='ltr'>R</span> <span class='ocrx_word' id='word_1_192' title='bbox 499 2616 613 2651; x_wconf 79' lang='lat' dir='ltr'>haben;</span> <span class='ocrx_word' id='word_1_193' title='bbox 643 2619 694 2644; x_wconf 84' lang='lat' dir='ltr'>der</span> <span class='ocrx_word' id='word_1_194' title='bbox 713 2620 793 2646; x_wconf 77' lang='lat' dir='ltr'>Reim</span> <span class='ocrx_word' id='word_1_195' title='bbox 823 2621 907 2646; x_wconf 81' lang='lat' dir='ltr'>weist</span> <span class='ocrx_word' id='word_1_196' title='bbox 929 2621 1037 2652; x_wconf 75' lang='lat' dir='ltr'>Jedoch</span> <span class='ocrx_word' id='word_1_197' title='bbox 1067 2623 1121 2648; x_wconf 81' lang='lat' dir='ltr'>auf</span> <span class='ocrx_word' id='word_1_198' title='bbox 1144 2622 1301 2648; x_wconf 78' lang='lat' dir='ltr'>eximiis</span> <span class='ocrx_word' id='word_1_199' title='bbox 1329 2619 1374 2645; x_wconf 78' lang='lat' dir='ltr'>als</span> <span class='ocrx_word' id='word_1_200' title='bbox 1393 2619 1440 2645; x_wconf 82' lang='lat' dir='ltr'>die</span> 
     </span>
     <span class='ocr_line' id='line_1_30' title="bbox 172 2660 1437 2702; baseline 0.009 -17"><span class='ocrx_word' id='word_1_201' title='bbox 172 2660 294 2695; x_wconf 83' lang='lat' dir='ltr'>richtigc</span> <span class='ocrx_word' id='word_1_202' title='bbox 315 2662 417 2688; x_wconf 86' lang='lat' dir='ltr'>Lesart</span> <span class='ocrx_word' id='word_1_203' title='bbox 435 2662 494 2690; x_wconf 83' lang='lat' dir='ltr'>hin.</span> <span class='ocrx_word' id='word_1_204' title='bbox 532 2664 574 2690; x_wconf 82' lang='lat'>90.</span> <span class='ocrx_word' id='word_1_205' title='bbox 612 2665 671 2691; x_wconf 81' lang='lat' dir='ltr'>Der</span> <span class='ocrx_word' id='word_1_206' title='bbox 689 2666 759 2693; x_wconf 87' lang='lat' dir='ltr'>Cod.</span> <span class='ocrx_word' id='word_1_207' title='bbox 786 2665 865 2693; x_wconf 74' lang='lat' dir='ltr'>hatte</span> <span class='ocrx_word' id='word_1_208' title='bbox 885 2676 980 2702; x_wconf 79' lang='lat' dir='ltr'>urspr.</span> <span class='ocrx_word' id='word_1_209' title='bbox 1000 2669 1054 2695; x_wconf 84' lang='lat' dir='ltr'>wie</span> <span class='ocrx_word' id='word_1_210' title='bbox 1076 2670 1152 2696; x_wconf 88' lang='lat' dir='ltr'>noch</span> <span class='ocrx_word' id='word_1_211' title='bbox 1172 2670 1205 2696; x_wconf 89' lang='lat' dir='ltr'>P.</span> <span class='ocrx_word' id='word_1_212' title='bbox 1225 2669 1437 2701; x_wconf 78' lang='lat' dir='ltr'>dessidere,</span> 
     </span>
    </p>
   </div>
  </div>
 </body>
</html>
