1702 2939
607 227 806 271 —253
868 255 926 260 -

677 345 850 386 Thais.

76 413 130 454 Et
170 413 260 466 quis
301 416 394 467 post
434 414 536 454 haec
575 414 690 453 locus
730 415 953 467 pestiferae
999 415 1262 455 delectationi
1290 416 1333 455 in
1362 428 1452 455 meo

75 483 196 522 corde
227 485 363 536 potest
392 482 580 534 relinqui,
613 483 682 522 ubi
712 484 842 523 solum
871 484 1054 524 intestini
1074 485 1270 524 moeroris
1302 485 1446 525 amari-

77 551 173 591 tudo
206 552 437 604 consciique
470 559 609 593 reatus
640 566 747 592 nova
779 553 1008 593 dominatur
1040 554 1244 593 formido?

595 620 937 674 Paphnutius

71 688 161 728 Hoc
179 691 283 742 opto,
308 703 397 741 quo,
429 689 601 728 resectis
627 691 818 730 vitiorum
838 692 977 745 spinis,
1011 705 1225 745 emergere
1248 692 1377 746 possit
1392 692 1449 744 ³⁵)

74 758 242 797 lacrima
274 759 594 811 conpunctionis.
612 759 664 812 ³⁶)

673 828 846 868 Thais.

70 895 127 944 O,
169 896 203 936 si
243 897 456 946 crederes,
494 911 528 946 o,
567 897 602 936 si
633 910 842 950 sperares,
883 912 948 938 me
989 899 1261 948 sordidulam,
1300 900 1448 940 millies

66 965 244 1004 millenis
274 966 456 1005 sordium
487 967 651 1006 oblitam
690 966 1045 1015 offuscationibus,
1086 969 1294 1008 ullatenus
1325 982 1446 1022 posse

68 1034 247 1086 expiari,
294 1048 367 1073 seu
411 1036 494 1075 ullo
542 1036 848 1088 conpunctionis
865 1035 923 1087 3⁷)
967 1037 1085 1076 modo
1141 1037 1307 1077 veniam
1354 1051 1446 1091 pro-

65 1103 240 1143 mereri!

575 1161 935 1215 Paphnutius.

62 1228 232 1268 Nullum
263 1230 370 1269 enim
410 1243 539 1282 grave
579 1234 815 1284 peccatum,
856 1233 1012 1271 nullum
1054 1235 1137 1272 tam
1177 1233 1340 1272 inmane
1382 1236 1446 1272 est

65 1298 276 1347 delictum,
310 1300 418 1351 quod
458 1302 638 1352 nequeat
678 1301 839 1353 expiari
868 1302 1145 1354 poenitentiae
1175 1302 1367 1351 lacrimis,
1408 1302 1443 1341 si

63 1365 232 1407 effectus
263 1371 459 1421 sequetur
490 1369 634 1422 operis.

660 1438 692 1477 T
710 1439 735 1477 h
750 1438 839 1477 ais.

62 1503 264 1554 Ostende,
297 1519 470 1558 quaeso,
501 1506 557 1546 mi
587 1509 729 1559 pater,
762 1500 852 1559 quo*v
872 1505 1020 1547 effectu
1050 1507 1186 1561 operis
1216 1507 1444 1561 promereri

61 1587 206 1627 queam
235 1588 381 1615 munus
409 1575 763 1615 reconciliationis.

569 1644 919 1697 Paphnutius.

62 1711 316 1767 Contempne
349 1713 579 1763 saeculum,
620 1714 719 1766 suge
750 1713 998 1754 lascivorum
1014 1715 1066 1768 ³⁸)
1099 1715 1303 1755 consortia
1332 1727 1440 1755 ama-

61 1782 230 1822 sinuum.

663 1839 695 1880 Τ
709 1840 734 1880 h
747 1840 838 1880 ais.

57 1908 114 1949 Et
144 1909 241 1961 quid
270 1908 368 1949 mihi
397 1910 497 1949 tunc
528 1909 606 1949 erit
637 1910 876 1961 agendum?

576 1977 609 2018 P
621 1991 678 2032 ap
694 1979 720 2018 h
732 1979 884 2019 nutiu
895 1992 926 2018 s.

55 2046 105 2086 In
137 2049 342 2087 secretum
371 2047 506 2087 locum
536 2048 834 2096 secedendum,
876 2047 919 2087 in
960 2061 1038 2100 quo
1070 2051 1111 2088 te
1141 2049 1273 2101 ipsam
1303 2049 1436 2088 discu-

56 2103 193 2156 tiendo
224 2118 356 2169 possis
385 2116 603 2155 lamentari
633 2116 919 2156 enormitatem
950 2117 1010 2156 tui
1040 2117 1189 2158 delicti.

660 2184 692 2223 T
709 2185 734 2223 h
748 2185 795 2223 ai
811 2198 841 2224 s.

58 2251 101 2292 Si
133 2253 209 2293 hoc
241 2266 383 2306 speras
405 2253 617 2307 profic-ere,
641 2267 722 2292 non
754 2253 858 2293 addo
889 2257 1138 2295 momentum
1165 2255 1360 2296 morulae.
1382 2255 1435 2308 ³⁹)

563 2322 595 2362 P
609 2335 632 2361 a
645 2336 671 2376 p
689 2323 715 2362 h
726 2335 752 2362 n
764 2335 791 2362 u
802 2325 819 2362 t
830 2323 878 2362 iu
891 2336 921 2362 s.

55 2389 147 2430 Non
179 2391 329 2440 dubito,
362 2391 457 2444 quin
487 2392 626 2444 prosit.

88 2521 138 2559 35)
159 2522 313 2550 Zwischen
341 2525 475 2558 possit
501 2525 560 2552 nnd
589 2526 901 2560 conpunctionis
930 2526 968 2553 ist
996 2527 1032 2553 im
1054 2526 1126 2556 eod.
1149 2528 1214 2554 eine
1234 2528 1344 2562 Liicke,
1358 2528 1432 2554 iiber

156 2569 268 2596 welche
297 2570 468 2597 lacrima
496 2580 553 2597 von
583 2572 660 2599 alter
686 2571 769 2598 Hand
799 2573 991 2606 gcschrieben
1021 2575 1067 2600 ist.
1105 2573 1164 2608 Mg.
1193 2574 1244 2600 hat
1274 2574 1428 2600 flumen.

155 2616 205 2645 36]
227 2618 545 2653 conpugtionis,
576 2618 639 2652 M.;
670 2619 702 2646 P.
731 2619 834 2644 findert
869 2621 898 2645 in
927 2621 1234 2654 compuctionis.
1279 2620 1329 2655 37)
1349 2628 1430 2648 con-

157 2664 394 2697 puncionis,
432 2663 492 2697 M.;
531 2666 866 2700 compunctionis,
901 2665 933 2692 Ρ.
993 2667 1044 2702 38)
1065 2666 1337 2702 lasciviorum,
1365 2666 1426 2704 M.;

155 2708 189 2738 Ρ.
212 2708 261 2735 liat
281 2709 333 2736 das
355 2711 363 2736 i
385 2709 565 2745 gestrichen.
603 2711 654 2746 30)
675 2711 856 2747 mai-ulae,
879 2711 941 2749 M.;
962 2713 1072 2740 ebenso
1090 2720 1187 2749 urspr-
1206 2712 1241 2742 Ρ.
1295 2717 1298 2721 ’
