1702 2939
605 201 921 243 -219-

643 317 678 357 E
690 332 716 370 p
730 318 757 356 h
767 331 787 356 r
800 331 821 357 e
833 331 883 357 m.

81 376 248 416 Verum.
745 398 750 402 -

626 432 664 471 A
674 433 699 472 b
709 446 729 471 1·
742 445 765 471 a
778 432 802 471 h
813 445 836 471 a
848 446 898 471 m.

73 502 173 542 Ideo
199 501 346 540 faciam
367 501 426 540 illi
451 501 646 553 exiguam
675 503 724 541 ab
747 501 915 541 introitu
947 502 1147 550 cellulam,
1177 502 1278 541 meis
1299 501 1447 540 mansi-

73 570 231 610 unculis
253 570 497 622 contiguam,
528 584 603 623 per
634 571 749 623 cujus
772 570 994 610 fenestram
1011 571 1249 623 psalterium
1267 574 1445 609 ceteras-

73 652 152 694 que
173 639 335 679 divinae
352 639 457 692 legis
473 640 657 693 paginas,
675 640 786 677 illam
808 639 991 679 crebrius
1008 639 1222 689 visitando,
1234 639 1443 679 instruam.

650 708 685 748 E
698 722 723 761 p
733 708 759 746 h
768 721 788 746 r
801 721 822 747 e
834 721 885 747 m.

85 763 297 805 Convenit.

672 821 717 861 M
728 834 751 861 a
762 822 805 861 ri
818 835 851 861 a.

77 890 177 940 Tuo,
207 892 326 944 pater
355 890 548 944 Ephrem,
579 890 833 931 interventui
861 904 925 930 me
960 890 1175 930 committo.

637 959 671 998 E
684 960 746 1012 ph
758 974 778 999 1·
791 974 812 998 e
827 974 876 998 111.

77 1015 276 1057 Coelestis
309 1031 505 1070 sponsus,
538 1018 654 1070 cujus
685 1017 833 1056 affectu
863 1017 904 1055 in
943 1017 1095 1056 tenella
1135 1017 1270 1056 aetate
1306 1016 1446 1056 inhae-

82 1085 181 1136 sisti,
212 1088 378 1126 tueatur
408 1093 460 1136 te,
492 1087 587 1135 filia,
619 1087 668 1125 ab
701 1086 808 1125 0111111
838 1086 983 1125 fraude
1015 1086 1174 1125 diaboli.

627 1211 894 1251 Abraham.

69 1280 217 1320 Frater
247 1280 439 1333 Ephrem,
471 1280 507 1319 51
538 1280 634 1332 quid
663 1281 761 1320 mihi
790 1281 1004 1332 utiiueque
1034 1292 1132 1319 casu
1162 1280 1351 1319 fortunae
1382 1279 1440 1318 in-

69 1349 249 1400 geritur,
281 1351 321 1389 te
352 1349 528 1402 primum
559 1349 672 1397 adeo,
706 1352 745 1388 te
777 1350 907 1388 solum
939 1349 1126 1398 0011501ος
1156 1349 1266 1387 unde
1302 1362 1354 1386 110
1386 1349 1441 1386 515

69 1418 269 1458 adversus
310 1415 604 1470 querimoniae,
647 1430 768 1470 quam
812 1431 1058 1470 prosequor,
1101 1418 1175 1456 sed
1214 1418 1278 1456 fer
1322 1430 1440 1470 opem

73 1486 214 1535 dolori,
247 1500 368 1538 quem
397 1487 540 1539 patior.

636 1543 670 1582 E
687 1557 711 1595 p
722 1544 749 1581 h
761 1557 781 1581 1·
794 1556 815 1582 0
827 1557 877 1582 111.

70 1611 300 1660 Abraham,
341 1611 570 1660 Abraham,
617 1612 713 1663 quid
744 1611 930 1664 pateris?
977 1610 1059 1650 Cur
1088 1611 1180 1663 plus
1209 1610 1317 1649 licito
1351 1623 1443 1649 con-

70 1680 279 1719 tristaris?
318 1680 551 1732 Numquam
583 1681 660 1720 fuit
702 1681 764 1718 fas
807 1680 1049 1719 eremicolae
1091 1679 1327 1719 conturbari
1357 1691 1445 1717 sae-

73 1749 270 1788 cularium
296 1762 420 1788 more.

615 1805 653 1845 A
664 1807 688 1845 b
701 1819 722 1844 r
735 1818 757 1844 a
769 1806 795 1844 h
810 1818 832 1844 a
845 1818 896 1844 m.

69 1873 405 1927 Incomparabilis
455 1875 590 1914 luctus
642 1875 740 1913 mihi
782 1874 972 1926 contigit,
1021 1874 1289 1913 intolerabilis
1331 1873 1445 1913 dolor

74 1956 138 1982 me
170 1944 308 1983 afficit.

642 2000 676 2039 E
687 2015 711 2053 p
724 2001 750 2039 h
760 2015 780 2039 r
793 2014 813 2039 e
826 2014 875 2039 m.

71 2068 134 2108 Ne
166 2069 295 2120 fatiga
325 2082 390 2108 me
430 2069 555 2121 longa
584 2071 806 2109 verborum
837 2068 1091 2117 circuitione,
1123 2068 1216 2116 sed,
1249 2067 1346 2120 quid
1374 2079 1444 2120 pa-

73 2138 198 2187 tiaris,
232 2151 405 2191 expone.

620 2195 891 2235 Abraham.

73 2262 216 2311 Maria,
246 2263 323 2302 mis
347 2263 498 2316 optima
528 2263 621 2312 filia,
654 2277 774 2316 quam
805 2277 879 2316 per
909 2263 970 2302 bis
1001 2263 1096 2302 bina
1126 2262 1258 2303 lustra
1288 2274 1445 2302 summa

71 2331 282 2384 diligentia
312 2333 477 2382 nutrivi,
509 2345 664 2372 summa
696 2333 862 2372 solertia
894 2332 1151 2372 instruxi...

635 2401 874 2454 Ephrem,

72 2456 181 2502 Quid
210 2457 315 2497 illa?

617 2515 890 2556 Abraham.

70 2569 121 2610 Ei
140 2571 193 2623 ¹⁶)
222 2572 340 2612 mihi!
370 2572 502 2625 periit.

112 2684 158 2718 16)
177 2683 236 2721 Mg.
259 2686 335 2712 setzt
351 2683 509 2720 jedesmal,
531 2684 610 2711 Hei.
