<?xml version="1.0" encoding="UTF-8"?>
<!DOCTYPE html PUBLIC "-//W3C//DTD XHTML 1.0 Transitional//EN"
    "http://www.w3.org/TR/xhtml1/DTD/xhtml1-transitional.dtd">
<html xmlns="http://www.w3.org/1999/xhtml" xml:lang="en" lang="en">
 <head>
  <title>
</title>
<meta http-equiv="Content-Type" content="text/html;charset=utf-8" />
  <meta name='ocr-system' content='tesseract 3.04.00' />
  <meta name='ocr-capabilities' content='ocr_page ocr_carea ocr_par ocr_line ocrx_word'/>
</head>
<body>
  <div class='ocr_page' id='page_1' title='image "./diewerke00hrotuoft_0192.png"; bbox 0 0 1702 2939; ppageno 0'>
   <div class='ocr_carea' id='block_1_1' title="bbox 757 198 1071 240">
    <p class='ocr_par' dir='ltr' id='par_1_1' title="bbox 757 198 1071 240">
     <span class='ocr_line' id='line_1_1' title="bbox 757 198 1071 240; baseline 0 0"><span class='ocrx_word' id='word_1_1' title='bbox 757 198 1071 240; x_wconf 59' lang='lat' dir='ltr'>-114-a</span> 
     </span>
    </p>
   </div>
   <div class='ocr_carea' id='block_1_2' title="bbox 212 310 1530 2538">
    <p class='ocr_par' dir='ltr' id='par_1_2' title="bbox 242 310 1530 571">
     <span class='ocr_line' id='line_1_2' title="bbox 351 310 1412 367; baseline 0.001 -14"><span class='ocrx_word' id='word_1_2' title='bbox 351 310 618 363; x_wconf 83' lang='lat' dir='ltr'>„Consentire</span> <span class='ocrx_word' id='word_1_3' title='bbox 649 314 733 353; x_wconf 88' lang='lat' dir='ltr'>tuis</span> <span class='ocrx_word' id='word_1_4' title='bbox 763 314 831 366; x_wconf 89' lang='lat' dir='ltr'>qui</span> <span class='ocrx_word' id='word_1_5' title='bbox 862 315 960 354; x_wconf 85' lang='lat' dir='ltr'>dant</span> <span class='ocrx_word' id='word_1_6' title='bbox 990 325 1154 366; x_wconf 80' lang='lat' dir='ltr'>operam</span> <span class='ocrx_word' id='word_1_7' title='bbox 1184 315 1249 367; x_wconf 90' lang='lat' dir='ltr'>pie</span> <span class='ocrx_word' id='word_1_8' title='bbox 1274 315 1412 367; x_wconf 85' lang='lat' dir='ltr'>jussis.</span> 
     </span>
     <span class='ocr_line' id='line_1_3' title="bbox 355 381 1396 435; baseline 0 -14"><span class='ocrx_word' id='word_1_9' title='bbox 355 381 506 430; x_wconf 76' lang='lat' dir='ltr'>„Certa</span> <span class='ocrx_word' id='word_1_10' title='bbox 535 386 771 422; x_wconf 81' lang='lat' dir='ltr'>constanter</span> <span class='ocrx_word' id='word_1_11' title='bbox 799 395 1000 434; x_wconf 82' lang='lat' dir='ltr'>servaque</span> <span class='ocrx_word' id='word_1_12' title='bbox 1032 383 1151 421; x_wconf 83' lang='lat' dir='ltr'>fidem</span> <span class='ocrx_word' id='word_1_13' title='bbox 1182 383 1396 435; x_wconf 85' lang='lat' dir='ltr'>patienter,</span> 
     </span>
     <span class='ocr_line' id='line_1_4' title="bbox 242 448 1530 502; baseline 0 -13"><span class='ocrx_word' id='word_1_14' title='bbox 242 448 335 490; x_wconf 80' lang='lat'>185.</span> <span class='ocrx_word' id='word_1_15' title='bbox 358 451 477 499; x_wconf 90' lang='lat' dir='ltr'>„Quo</span> <span class='ocrx_word' id='word_1_16' title='bbox 509 456 697 490; x_wconf 84' lang='lat' dir='ltr'>crescant</span> <span class='ocrx_word' id='word_1_17' title='bbox 727 451 898 490; x_wconf 86' lang='lat' dir='ltr'>celebris</span> <span class='ocrx_word' id='word_1_18' title='bbox 931 451 1001 489; x_wconf 84' lang='lat' dir='ltr'>tibi</span> <span class='ocrx_word' id='word_1_19' title='bbox 1027 451 1111 501; x_wconf 84' lang='lat' dir='ltr'>jam</span> <span class='ocrx_word' id='word_1_20' title='bbox 1140 451 1358 502; x_wconf 82' lang='lat' dir='ltr'>praeconia</span> <span class='ocrx_word' id='word_1_21' title='bbox 1388 450 1530 495; x_wconf 72' lang='lat' dir='ltr'>laudis,</span> 
     </span>
     <span class='ocr_line' id='line_1_5' title="bbox 351 518 1522 571; baseline -0.001 -13"><span class='ocrx_word' id='word_1_22' title='bbox 351 518 442 566; x_wconf 82' lang='lat' dir='ltr'>„Et,</span> <span class='ocrx_word' id='word_1_23' title='bbox 474 520 756 571; x_wconf 87' lang='lat' dir='ltr'>quodcumque</span> <span class='ocrx_word' id='word_1_24' title='bbox 787 519 914 558; x_wconf 85' lang='lat' dir='ltr'>saeris</span> <span class='ocrx_word' id='word_1_25' title='bbox 945 532 968 557; x_wconf 78' lang='lat' dir='ltr'>a</span> <span class='ocrx_word' id='word_1_26' title='bbox 999 532 1062 557; x_wconf 89' lang='lat' dir='ltr'>me</span> <span class='ocrx_word' id='word_1_27' title='bbox 1094 519 1282 570; x_wconf 79' lang='lat' dir='ltr'>precibus</span> <span class='ocrx_word' id='word_1_28' title='bbox 1314 518 1522 570; x_wconf 82' lang='lat' dir='ltr'>rogitabis,</span> 
     </span>
    </p>

    <p class='ocr_par' dir='ltr' id='par_1_3' title="bbox 349 586 1448 774">
     <span class='ocr_line' id='line_1_6' title="bbox 352 586 1260 640; baseline -0.001 -15"><span class='ocrx_word' id='word_1_29' title='bbox 352 586 609 639; x_wconf 86' lang='lat' dir='ltr'>„Impetrare</span> <span class='ocrx_word' id='word_1_30' title='bbox 639 587 717 626; x_wconf 87' lang='lat' dir='ltr'>mei</span> <span class='ocrx_word' id='word_1_31' title='bbox 743 587 896 640; x_wconf 88' lang='lat' dir='ltr'>poteris</span> <span class='ocrx_word' id='word_1_32' title='bbox 927 587 1030 625; x_wconf 88' lang='lat' dir='ltr'>dono</span> <span class='ocrx_word' id='word_1_33' title='bbox 1061 586 1260 638; x_wconf 81' lang='lat' dir='ltr'>pietatis.·‘</span> 
     </span>
     <span class='ocr_line' id='line_1_7' title="bbox 350 653 1166 694; baseline -0.001 -2"><span class='ocrx_word' id='word_1_34' title='bbox 350 653 440 693; x_wconf 84' lang='lat' dir='ltr'>Tali</span> <span class='ocrx_word' id='word_1_35' title='bbox 470 655 645 694; x_wconf 83' lang='lat' dir='ltr'>laetatus</span> <span class='ocrx_word' id='word_1_36' title='bbox 677 655 794 694; x_wconf 87' lang='lat' dir='ltr'>sortis</span> <span class='ocrx_word' id='word_1_37' title='bbox 825 655 1018 693; x_wconf 80' lang='lat' dir='ltr'>solamine</span> <span class='ocrx_word' id='word_1_38' title='bbox 1052 655 1166 693; x_wconf 77' lang='lat' dir='ltr'>testis</span> 
     </span>
     <span class='ocr_line' id='line_1_8' title="bbox 349 721 1448 774; baseline 0 -14"><span class='ocrx_word' id='word_1_39' title='bbox 349 721 473 761; x_wconf 70' lang='lat' dir='ltr'>,Nulla</span> <span class='ocrx_word' id='word_1_40' title='bbox 505 723 619 761; x_wconf 85' lang='lat' dir='ltr'>timet</span> <span class='ocrx_word' id='word_1_41' title='bbox 649 726 850 761; x_wconf 84' lang='lat' dir='ltr'>tormenta</span> <span class='ocrx_word' id='word_1_42' title='bbox 880 724 962 774; x_wconf 85' lang='lat' dir='ltr'>pati</span> <span class='ocrx_word' id='word_1_43' title='bbox 995 735 1066 774; x_wconf 80' lang='lat' dir='ltr'>pro</span> <span class='ocrx_word' id='word_1_44' title='bbox 1098 722 1256 761; x_wconf 88' lang='lat' dir='ltr'>nemine</span> <span class='ocrx_word' id='word_1_45' title='bbox 1288 721 1448 760; x_wconf 78' lang='lat' dir='ltr'><strong>Christi.</strong></span> 
     </span>
    </p>

    <p class='ocr_par' dir='ltr' id='par_1_4' title="bbox 238 787 1390 910">
     <span class='ocr_line' id='line_1_9' title="bbox 238 787 1390 835; baseline -0.001 -7"><span class='ocrx_word' id='word_1_46' title='bbox 238 787 329 828; x_wconf 85' lang='lat'>190.</span> <span class='ocrx_word' id='word_1_47' title='bbox 350 789 449 828; x_wconf 88' lang='lat' dir='ltr'>Post</span> <span class='ocrx_word' id='word_1_48' title='bbox 479 790 581 829; x_wconf 87' lang='lat' dir='ltr'>haee</span> <span class='ocrx_word' id='word_1_49' title='bbox 611 791 805 830; x_wconf 76' lang='lat' dir='ltr'>abstracti</span> <span class='ocrx_word' id='word_1_50' title='bbox 837 797 963 829; x_wconf 82' lang='lat' dir='ltr'>testes</span> <span class='ocrx_word' id='word_1_51' title='bbox 993 791 1042 828; x_wconf 88' lang='lat' dir='ltr'>de</span> <span class='ocrx_word' id='word_1_52' title='bbox 1075 803 1241 829; x_wconf 80' lang='lat' dir='ltr'>earcere</span> <span class='ocrx_word' id='word_1_53' title='bbox 1273 789 1390 835; x_wconf 86' lang='lat' dir='ltr'>terni,</span> 
     </span>
     <span class='ocr_line' id='line_1_10' title="bbox 345 857 1335 910; baseline 0.001 -15"><span class='ocrx_word' id='word_1_54' title='bbox 345 857 571 909; x_wconf 81' lang='lat' dir='ltr'>Praecepto</span> <span class='ocrx_word' id='word_1_55' title='bbox 602 871 696 897; x_wconf 81' lang='lat' dir='ltr'>mox</span> <span class='ocrx_word' id='word_1_56' title='bbox 726 859 923 910; x_wconf 82' lang='lat' dir='ltr'>praesceti</span> <span class='ocrx_word' id='word_1_57' title='bbox 954 865 1128 909; x_wconf 75' lang='lat' dir='ltr'>cogente</span> <span class='ocrx_word' id='word_1_58' title='bbox 1159 857 1335 910; x_wconf 76' lang='lat' dir='ltr'><strong>superbi,</strong></span> 
     </span>
    </p>

    <p class='ocr_par' dir='ltr' id='par_1_5' title="bbox 345 925 1500 1101">
     <span class='ocr_line' id='line_1_11' title="bbox 351 925 1393 978; baseline 0.001 -15"><span class='ocrx_word' id='word_1_59' title='bbox 351 925 417 963; x_wconf 92' lang='lat' dir='ltr'>An</span> <span class='ocrx_word' id='word_1_60' title='bbox 448 926 604 964; x_wconf 84' lang='lat' dir='ltr'>vellent</span> <span class='ocrx_word' id='word_1_61' title='bbox 633 927 756 975; x_wconf 72' lang='lat' dir='ltr'>duris,</span> <span class='ocrx_word' id='word_1_62' title='bbox 788 927 1030 978; x_wconf 79' lang='lat' dir='ltr'>rogitantur,</span> <span class='ocrx_word' id='word_1_63' title='bbox 1063 926 1210 965; x_wconf 85' lang='lat' dir='ltr'>cedere</span> <span class='ocrx_word' id='word_1_64' title='bbox 1241 926 1393 978; x_wconf 81' lang='lat' dir='ltr'>poenis.</span> 
     </span>
     <span class='ocr_line' id='line_1_12' title="bbox 346 993 1500 1046; baseline -0.001 -14"><span class='ocrx_word' id='word_1_65' title='bbox 346 993 426 1038; x_wconf 76' lang='lat' dir='ltr'>Qui</span> <span class='ocrx_word' id='word_1_66' title='bbox 455 994 560 1032; x_wconf 88' lang='lat' dir='ltr'>bene</span> <span class='ocrx_word' id='word_1_67' title='bbox 591 994 818 1043; x_wconf 87' lang='lat' dir='ltr'>corcordes,</span> <span class='ocrx_word' id='word_1_68' title='bbox 848 995 958 1033; x_wconf 84' lang='lat' dir='ltr'>clara</span> <span class='ocrx_word' id='word_1_69' title='bbox 989 1008 1149 1046; x_wconf 89' lang='lat' dir='ltr'>quoque</span> <span class='ocrx_word' id='word_1_70' title='bbox 1180 1007 1280 1033; x_wconf 87' lang='lat' dir='ltr'>voce</span> <span class='ocrx_word' id='word_1_71' title='bbox 1311 994 1500 1042; x_wconf 54' lang='lat' dir='ltr'>fatente-s,</span> 
     </span>
     <span class='ocr_line' id='line_1_13' title="bbox 345 1059 1444 1101; baseline 0.001 -2"><span class='ocrx_word' id='word_1_72' title='bbox 345 1059 510 1100; x_wconf 86' lang='lat' dir='ltr'>Patrem</span> <span class='ocrx_word' id='word_1_73' title='bbox 541 1075 632 1100; x_wconf 91' lang='lat' dir='ltr'>cum</span> <span class='ocrx_word' id='word_1_74' title='bbox 661 1062 767 1101; x_wconf 69' lang='lat' dir='ltr'>Nato</span> <span class='ocrx_word' id='word_1_75' title='bbox 799 1075 956 1101; x_wconf 83' lang='lat' dir='ltr'>necnon</span> <span class='ocrx_word' id='word_1_76' title='bbox 989 1075 1079 1101; x_wconf 85' lang='lat' dir='ltr'>eum</span> <span class='ocrx_word' id='word_1_77' title='bbox 1111 1062 1294 1101; x_wconf 75' lang='lat' dir='ltr'>Flumine</span> <span class='ocrx_word' id='word_1_78' title='bbox 1328 1074 1444 1101; x_wconf 83' lang='lat' dir='ltr'>sacro</span> 
     </span>
    </p>

    <p class='ocr_par' dir='ltr' id='par_1_6' title="bbox 235 1126 1473 1454">
     <span class='ocr_line' id='line_1_14' title="bbox 235 1126 1465 1182; baseline 0 -15"><span class='ocrx_word' id='word_1_79' title='bbox 235 1126 327 1168; x_wconf 84' lang='lat'>195.</span> <span class='ocrx_word' id='word_1_80' title='bbox 349 1127 455 1168; x_wconf 88' lang='lat' dir='ltr'>Esse</span> <span class='ocrx_word' id='word_1_81' title='bbox 485 1130 616 1168; x_wconf 87' lang='lat' dir='ltr'>Deum</span> <span class='ocrx_word' id='word_1_82' title='bbox 647 1143 792 1169; x_wconf 79' lang='lat' dir='ltr'>verum</span> <span class='ocrx_word' id='word_1_83' title='bbox 821 1130 1031 1180; x_wconf 87' lang='lat' dir='ltr'>solumque</span> <span class='ocrx_word' id='word_1_84' title='bbox 1062 1130 1299 1182; x_wconf 76' lang='lat' dir='ltr'>perenniter</span> <span class='ocrx_word' id='word_1_85' title='bbox 1328 1142 1465 1177; x_wconf 83' lang='lat' dir='ltr'>unuin,</span> 
     </span>
     <span class='ocr_line' id='line_1_15' title="bbox 347 1195 1465 1250; baseline 0 -15"><span class='ocrx_word' id='word_1_86' title='bbox 347 1197 570 1237; x_wconf 78' lang='lat' dir='ltr'>Testantur</span> <span class='ocrx_word' id='word_1_87' title='bbox 600 1211 696 1237; x_wconf 77' lang='lat' dir='ltr'>mox</span> <span class='ocrx_word' id='word_1_88' title='bbox 727 1198 846 1236; x_wconf 87' lang='lat' dir='ltr'>malle</span> <span class='ocrx_word' id='word_1_89' title='bbox 877 1198 977 1236; x_wconf 85' lang='lat' dir='ltr'>mori</span> <span class='ocrx_word' id='word_1_90' title='bbox 1007 1210 1080 1250; x_wconf 87' lang='lat' dir='ltr'>pro</span> <span class='ocrx_word' id='word_1_91' title='bbox 1111 1197 1272 1237; x_wconf 85' lang='lat' dir='ltr'>nomine</span> <span class='ocrx_word' id='word_1_92' title='bbox 1304 1195 1465 1244; x_wconf 80' lang='lat' dir='ltr'>Christi,</span> 
     </span>
     <span class='ocr_line' id='line_1_16' title="bbox 352 1264 1434 1318; baseline 0 -15"><span class='ocrx_word' id='word_1_93' title='bbox 352 1264 612 1305; x_wconf 78' lang='lat' dir='ltr'>Membratim</span> <span class='ocrx_word' id='word_1_94' title='bbox 641 1279 801 1318; x_wconf 86' lang='lat' dir='ltr'>qnoque</span> <span class='ocrx_word' id='word_1_95' title='bbox 832 1265 1039 1318; x_wconf 71' lang='lat' dir='ltr'>suppliciis</span> <span class='ocrx_word' id='word_1_96' title='bbox 1070 1266 1199 1304; x_wconf 87' lang='lat' dir='ltr'>scindi</span> <span class='ocrx_word' id='word_1_97' title='bbox 1227 1265 1434 1312; x_wconf 82' lang='lat' dir='ltr'>redivivis,</span> 
     </span>
     <span class='ocr_line' id='line_1_17' title="bbox 349 1332 1473 1385; baseline -0.002 -13"><span class='ocrx_word' id='word_1_98' title='bbox 349 1333 483 1378; x_wconf 83' lang='lat' dir='ltr'>Quam</span> <span class='ocrx_word' id='word_1_99' title='bbox 513 1347 588 1372; x_wconf 90' lang='lat' dir='ltr'>sua</span> <span class='ocrx_word' id='word_1_100' title='bbox 619 1335 722 1372; x_wconf 85' lang='lat' dir='ltr'>colla</span> <span class='ocrx_word' id='word_1_101' title='bbox 754 1334 829 1372; x_wconf 89' lang='lat' dir='ltr'>diis</span> <span class='ocrx_word' id='word_1_102' title='bbox 861 1347 1051 1385; x_wconf 83' lang='lat' dir='ltr'>umquam</span> <span class='ocrx_word' id='word_1_103' title='bbox 1082 1333 1320 1372; x_wconf 80' lang='lat' dir='ltr'>submittere</span> <span class='ocrx_word' id='word_1_104' title='bbox 1351 1332 1473 1371; x_wconf 82' lang='lat' dir='ltr'>salsis.</span> 
     </span>
     <span class='ocr_line' id='line_1_18' title="bbox 345 1400 1433 1454; baseline -0.001 -15"><span class='ocrx_word' id='word_1_105' title='bbox 345 1400 436 1440; x_wconf 84' lang='lat' dir='ltr'>Hac</span> <span class='ocrx_word' id='word_1_106' title='bbox 466 1402 597 1453; x_wconf 84' lang='lat' dir='ltr'>magis</span> <span class='ocrx_word' id='word_1_107' title='bbox 630 1402 806 1440; x_wconf 79' lang='lat' dir='ltr'>offensus</span> <span class='ocrx_word' id='word_1_108' title='bbox 837 1415 1006 1454; x_wconf 79' lang='lat' dir='ltr'>praeses</span> <span class='ocrx_word' id='word_1_109' title='bbox 1037 1401 1193 1439; x_wconf 81' lang='lat' dir='ltr'>ratione</span> <span class='ocrx_word' id='word_1_110' title='bbox 1224 1403 1433 1453; x_wconf 75' lang='lat' dir='ltr'>profanus,</span> 
     </span>
    </p>

    <p class='ocr_par' dir='ltr' id='par_1_7' title="bbox 225 1467 1463 1794">
     <span class='ocr_line' id='line_1_19' title="bbox 225 1467 1459 1521; baseline -0.002 -12"><span class='ocrx_word' id='word_1_111' title='bbox 225 1467 321 1509; x_wconf 80' lang='grc'>200.</span> <span class='ocrx_word' id='word_1_112' title='bbox 348 1467 434 1508; x_wconf 84' lang='lat' dir='ltr'>Ceu</span> <span class='ocrx_word' id='word_1_113' title='bbox 466 1469 542 1517; x_wconf 90' lang='lat' dir='ltr'>leo,</span> <span class='ocrx_word' id='word_1_114' title='bbox 574 1483 653 1509; x_wconf 89' lang='lat' dir='ltr'>non</span> <span class='ocrx_word' id='word_1_115' title='bbox 684 1470 841 1508; x_wconf 85' lang='lat' dir='ltr'>modica</span> <span class='ocrx_word' id='word_1_116' title='bbox 871 1470 1051 1521; x_wconf 83' lang='lat' dir='ltr'>rugiens,</span> <span class='ocrx_word' id='word_1_117' title='bbox 1079 1472 1358 1521; x_wconf 76' lang='lat' dir='ltr'>praeceperat,</span> <span class='ocrx_word' id='word_1_118' title='bbox 1387 1469 1459 1517; x_wconf 89' lang='lat' dir='ltr'>ira,</span> 
     </span>
     <span class='ocr_line' id='line_1_20' title="bbox 342 1537 1250 1577; baseline -0.002 -1"><span class='ocrx_word' id='word_1_119' title='bbox 342 1538 520 1576; x_wconf 86' lang='lat' dir='ltr'>Athletis</span> <span class='ocrx_word' id='word_1_120' title='bbox 553 1538 702 1577; x_wconf 83' lang='lat' dir='ltr'>Christi</span> <span class='ocrx_word' id='word_1_121' title='bbox 733 1538 916 1576; x_wconf 73' lang='lat' dir='ltr'>cervices</span> <span class='ocrx_word' id='word_1_122' title='bbox 946 1551 1041 1577; x_wconf 73' lang='lat' dir='ltr'>mox</span> <span class='ocrx_word' id='word_1_123' title='bbox 1071 1537 1250 1575; x_wconf 85' lang='lat' dir='ltr'>resecari</span> 
     </span>
     <span class='ocr_line' id='line_1_21' title="bbox 341 1605 1358 1658; baseline -0.001 -14"><span class='ocrx_word' id='word_1_124' title='bbox 341 1605 396 1645; x_wconf 77' lang='lat' dir='ltr'>Et</span> <span class='ocrx_word' id='word_1_125' title='bbox 425 1606 571 1657; x_wconf 83' lang='lat' dir='ltr'>gladiis</span> <span class='ocrx_word' id='word_1_126' title='bbox 603 1611 769 1645; x_wconf 84' lang='lat' dir='ltr'>cunctos</span> <span class='ocrx_word' id='word_1_127' title='bbox 800 1606 943 1658; x_wconf 85' lang='lat' dir='ltr'>perimi</span> <span class='ocrx_word' id='word_1_128' title='bbox 971 1605 1213 1657; x_wconf 87' lang='lat' dir='ltr'>baptismate</span> <span class='ocrx_word' id='word_1_129' title='bbox 1244 1605 1358 1644; x_wconf 86' lang='lat' dir='ltr'>lotos.</span> 
     </span>
     <span class='ocr_line' id='line_1_22' title="bbox 340 1672 1463 1726; baseline -0.001 -14"><span class='ocrx_word' id='word_1_130' title='bbox 340 1672 542 1712; x_wconf 79' lang='lat' dir='ltr'>Caedibus</span> <span class='ocrx_word' id='word_1_131' title='bbox 572 1674 806 1722; x_wconf 86' lang='lat' dir='ltr'>innumeris,</span> <span class='ocrx_word' id='word_1_132' title='bbox 838 1678 884 1712; x_wconf 91' lang='lat' dir='ltr'>ut</span> <span class='ocrx_word' id='word_1_133' title='bbox 906 1674 1041 1725; x_wconf 81' lang='lat' dir='ltr'>jussit,</span> <span class='ocrx_word' id='word_1_134' title='bbox 1072 1685 1246 1725; x_wconf 86' lang='lat' dir='ltr'>namque</span> <span class='ocrx_word' id='word_1_135' title='bbox 1272 1672 1463 1726; x_wconf 80' lang='lat' dir='ltr'>peractis,</span> 
     </span>
     <span class='ocr_line' id='line_1_23' title="bbox 338 1740 1459 1794; baseline -0.002 -14"><span class='ocrx_word' id='word_1_136' title='bbox 338 1741 511 1780; x_wconf 87' lang='lat' dir='ltr'>Praesul</span> <span class='ocrx_word' id='word_1_137' title='bbox 543 1755 633 1780; x_wconf 89' lang='lat' dir='ltr'>eum</span> <span class='ocrx_word' id='word_1_138' title='bbox 663 1742 782 1780; x_wconf 83' lang='lat' dir='ltr'>sociis</span> <span class='ocrx_word' id='word_1_139' title='bbox 809 1743 975 1794; x_wconf 80' lang='lat' dir='ltr'>junctus</span> <span class='ocrx_word' id='word_1_140' title='bbox 1008 1741 1182 1780; x_wconf 83' lang='lat' dir='ltr'>trahitur</span> <span class='ocrx_word' id='word_1_141' title='bbox 1214 1740 1459 1779; x_wconf 80' lang='lat' dir='ltr'>venerandis</span> 
     </span>
    </p>

    <p class='ocr_par' dir='ltr' id='par_1_8' title="bbox 222 1806 1523 2131">
     <span class='ocr_line' id='line_1_24' title="bbox 222 1806 1420 1862; baseline -0.001 -14"><span class='ocrx_word' id='word_1_142' title='bbox 222 1806 318 1848; x_wconf 82' lang='lat'>205.</span> <span class='ocrx_word' id='word_1_143' title='bbox 340 1810 405 1848; x_wconf 89' lang='lat' dir='ltr'>Ad</span> <span class='ocrx_word' id='word_1_144' title='bbox 436 1810 525 1848; x_wconf 86' lang='lat' dir='ltr'>loca</span> <span class='ocrx_word' id='word_1_145' title='bbox 555 1810 739 1862; x_wconf 75' lang='lat' dir='ltr'>martyrii</span> <span class='ocrx_word' id='word_1_146' title='bbox 771 1810 943 1861; x_wconf 87' lang='lat' dir='ltr'>dampno</span> <span class='ocrx_word' id='word_1_147' title='bbox 976 1809 1152 1861; x_wconf 70' lang='lat' dir='ltr'>capitum</span> <span class='ocrx_word' id='word_1_148' title='bbox 1183 1809 1420 1861; x_wconf 83' lang='lat' dir='ltr'>peragendi.</span> 
     </span>
     <span class='ocr_line' id='line_1_25' title="bbox 339 1877 1523 1928; baseline 0.001 -14"><span class='ocrx_word' id='word_1_149' title='bbox 339 1877 419 1920; x_wconf 78' lang='lat' dir='ltr'>Qui</span> <span class='ocrx_word' id='word_1_150' title='bbox 449 1889 552 1925; x_wconf 89' lang='lat' dir='ltr'>nam,</span> <span class='ocrx_word' id='word_1_151' title='bbox 585 1878 827 1928; x_wconf 82' lang='lat' dir='ltr'>gaudentes,</span> <span class='ocrx_word' id='word_1_152' title='bbox 859 1877 1028 1916; x_wconf 85' lang='lat' dir='ltr'>Domino</span> <span class='ocrx_word' id='word_1_153' title='bbox 1061 1878 1285 1928; x_wconf 69' lang='lat' dir='ltr'>laudesque</span> <span class='ocrx_word' id='word_1_154' title='bbox 1317 1879 1523 1925; x_wconf 84' lang='lat' dir='ltr'>canentes,</span> 
     </span>
     <span class='ocr_line' id='line_1_26' title="bbox 337 1943 1403 1997; baseline 0.002 -16"><span class='ocrx_word' id='word_1_155' title='bbox 337 1943 574 1994; x_wconf 86' lang='lat' dir='ltr'>l’ergebant</span> <span class='ocrx_word' id='word_1_156' title='bbox 604 1946 776 1997; x_wconf 80' lang='lat' dir='ltr'>prompti</span> <span class='ocrx_word' id='word_1_157' title='bbox 807 1951 936 1983; x_wconf 86' lang='lat' dir='ltr'>semet</span> <span class='ocrx_word' id='word_1_158' title='bbox 967 1958 1061 1984; x_wconf 81' lang='lat' dir='ltr'>mox</span> <span class='ocrx_word' id='word_1_159' title='bbox 1092 1945 1244 1983; x_wconf 85' lang='lat' dir='ltr'>dedere</span> <span class='ocrx_word' id='word_1_160' title='bbox 1274 1945 1403 1983; x_wconf 86' lang='lat' dir='ltr'>morti.</span> 
     </span>
     <span class='ocr_line' id='line_1_27' title="bbox 340 2011 1488 2064; baseline 0.001 -14"><span class='ocrx_word' id='word_1_161' title='bbox 340 2011 512 2050; x_wconf 83' lang='lat' dir='ltr'>Praesul</span> <span class='ocrx_word' id='word_1_162' title='bbox 544 2018 651 2060; x_wconf 89' lang='lat' dir='ltr'>tunc,</span> <span class='ocrx_word' id='word_1_163' title='bbox 684 2013 810 2051; x_wconf 85' lang='lat' dir='ltr'>oeulis</span> <span class='ocrx_word' id='word_1_164' title='bbox 841 2026 1001 2050; x_wconf 73' lang='lat' dir='ltr'>sursum</span> <span class='ocrx_word' id='word_1_165' title='bbox 1033 2013 1296 2064; x_wconf 82' lang='lat' dir='ltr'>manibusque</span> <span class='ocrx_word' id='word_1_166' title='bbox 1329 2013 1488 2060; x_wconf 76' lang='lat' dir='ltr'>levatis,</span> 
     </span>
     <span class='ocr_line' id='line_1_28' title="bbox 338 2081 1336 2131; baseline 0.001 -13"><span class='ocrx_word' id='word_1_167' title='bbox 338 2081 570 2119; x_wconf 77' lang='lat' dir='ltr'>Altitlirono</span> <span class='ocrx_word' id='word_1_168' title='bbox 601 2081 705 2119; x_wconf 85' lang='lat' dir='ltr'>tales</span> <span class='ocrx_word' id='word_1_169' title='bbox 738 2081 935 2119; x_wconf 83' lang='lat' dir='ltr'>fundebat</span> <span class='ocrx_word' id='word_1_170' title='bbox 965 2093 1145 2130; x_wconf 82' lang='lat' dir='ltr'>congrue</span> <span class='ocrx_word' id='word_1_171' title='bbox 1177 2087 1336 2131; x_wconf 80' lang='lat' dir='ltr'>grates:</span> 
     </span>
    </p>

    <p class='ocr_par' dir='ltr' id='par_1_9' title="bbox 219 2145 1417 2335">
     <span class='ocr_line' id='line_1_29' title="bbox 219 2145 1417 2197; baseline 0.002 -12"><span class='ocrx_word' id='word_1_172' title='bbox 219 2145 313 2186; x_wconf 84' lang='lat'>210.</span> <span class='ocrx_word' id='word_1_173' title='bbox 340 2148 421 2195; x_wconf 80' lang='lat' dir='ltr'>„Mi</span> <span class='ocrx_word' id='word_1_174' title='bbox 455 2149 552 2196; x_wconf 84' lang='lat' dir='ltr'>Dee,</span> <span class='ocrx_word' id='word_1_175' title='bbox 585 2149 638 2186; x_wconf 89' lang='lat' dir='ltr'>mi</span> <span class='ocrx_word' id='word_1_176' title='bbox 667 2150 809 2196; x_wconf 78' lang='lat' dir='ltr'>factor,</span> <span class='ocrx_word' id='word_1_177' title='bbox 841 2149 894 2186; x_wconf 90' lang='lat' dir='ltr'>mi</span> <span class='ocrx_word' id='word_1_178' title='bbox 925 2149 1238 2187; x_wconf 81' lang='lat' dir='ltr'>clementissime</span> <span class='ocrx_word' id='word_1_179' title='bbox 1270 2152 1417 2197; x_wconf 89' lang='lat' dir='ltr'>rector,</span> 
     </span>
     <span class='ocr_line' id='line_1_30' title="bbox 331 2217 1310 2268; baseline 0.004 -17"><span class='ocrx_word' id='word_1_180' title='bbox 331 2217 449 2263; x_wconf 46' lang='lat' dir='ltr'>„Qun</span> <span class='ocrx_word' id='word_1_181' title='bbox 480 2231 544 2255; x_wconf 87' lang='lat' dir='ltr'>me</span> <span class='ocrx_word' id='word_1_182' title='bbox 575 2217 688 2255; x_wconf 85' lang='lat' dir='ltr'>vitali</span> <span class='ocrx_word' id='word_1_183' title='bbox 719 2224 933 2268; x_wconf 82' lang='lat' dir='ltr'>praestans</span> <span class='ocrx_word' id='word_1_184' title='bbox 964 2229 1063 2254; x_wconf 88' lang='lat' dir='ltr'>aura</span> <span class='ocrx_word' id='word_1_185' title='bbox 1092 2217 1157 2268; x_wconf 90' lang='lat' dir='ltr'>pie</span> <span class='ocrx_word' id='word_1_186' title='bbox 1187 2217 1310 2264; x_wconf 88' lang='lat' dir='ltr'>vesci,</span> 
     </span>
     <span class='ocr_line' id='line_1_31' title="bbox 332 2283 1251 2335; baseline 0 -13"><span class='ocrx_word' id='word_1_187' title='bbox 332 2283 524 2331; x_wconf 80' lang='lat' dir='ltr'>„Scilicet</span> <span class='ocrx_word' id='word_1_188' title='bbox 553 2285 706 2335; x_wconf 82' lang='lat' dir='ltr'>ingenii</span> <span class='ocrx_word' id='word_1_189' title='bbox 738 2284 896 2323; x_wconf 85' lang='lat' dir='ltr'>donasti</span> <span class='ocrx_word' id='word_1_190' title='bbox 928 2284 1018 2322; x_wconf 80' lang='lat' dir='ltr'>luce</span> <span class='ocrx_word' id='word_1_191' title='bbox 1050 2285 1251 2335; x_wconf 78' lang='lat' dir='ltr'>profundi,</span> 
     </span>
    </p>

    <p class='ocr_par' dir='ltr' id='par_1_10' title="bbox 212 2352 1397 2538">
     <span class='ocr_line' id='line_1_32' title="bbox 328 2352 1326 2404; baseline 0.001 -15"><span class='ocrx_word' id='word_1_192' title='bbox 328 2352 445 2399; x_wconf 76' lang='lat' dir='ltr'>„Quo</span> <span class='ocrx_word' id='word_1_193' title='bbox 477 2353 527 2390; x_wconf 84' lang='lat' dir='ltr'>tis</span> <span class='ocrx_word' id='word_1_194' title='bbox 559 2358 762 2390; x_wconf 78' lang='lat' dir='ltr'>secretum</span> <span class='ocrx_word' id='word_1_195' title='bbox 791 2357 998 2390; x_wconf 80' lang='lat' dir='ltr'>scrutarer</span> <span class='ocrx_word' id='word_1_196' title='bbox 1028 2353 1326 2404; x_wconf 67' lang='lat' dir='ltr'>mysteriorum,</span> 
     </span>
     <span class='ocr_line' id='line_1_33' title="bbox 328 2419 1322 2468; baseline 0.001 -10"><span class='ocrx_word' id='word_1_197' title='bbox 328 2419 412 2467; x_wconf 87' lang='lat' dir='ltr'>„Te</span> <span class='ocrx_word' id='word_1_198' title='bbox 443 2421 573 2458; x_wconf 89' lang='lat' dir='ltr'>solum</span> <span class='ocrx_word' id='word_1_199' title='bbox 603 2421 735 2468; x_wconf 86' lang='lat' dir='ltr'>laudo,</span> <span class='ocrx_word' id='word_1_200' title='bbox 767 2425 806 2458; x_wconf 88' lang='lat' dir='ltr'>te</span> <span class='ocrx_word' id='word_1_201' title='bbox 838 2420 1082 2458; x_wconf 79' lang='lat' dir='ltr'>cordetenus</span> <span class='ocrx_word' id='word_1_202' title='bbox 1115 2421 1322 2468; x_wconf 78' lang='lat' dir='ltr'>benedico,</span> 
     </span>
     <span class='ocr_line' id='line_1_34' title="bbox 212 2485 1397 2538; baseline -0.001 -11"><span class='ocrx_word' id='word_1_203' title='bbox 212 2485 309 2527; x_wconf 83' lang='lat'>215.</span> <span class='ocrx_word' id='word_1_204' title='bbox 331 2487 410 2535; x_wconf 85' lang='lat' dir='ltr'>„Et</span> <span class='ocrx_word' id='word_1_205' title='bbox 439 2488 510 2526; x_wconf 86' lang='lat' dir='ltr'>tibi</span> <span class='ocrx_word' id='word_1_206' title='bbox 541 2488 710 2526; x_wconf 83' lang='lat' dir='ltr'>devotas</span> <span class='ocrx_word' id='word_1_207' title='bbox 742 2487 896 2526; x_wconf 84' lang='lat' dir='ltr'>cunetis</span> <span class='ocrx_word' id='word_1_208' title='bbox 927 2491 1068 2537; x_wconf 88' lang='lat' dir='ltr'>grates</span> <span class='ocrx_word' id='word_1_209' title='bbox 1099 2500 1176 2538; x_wconf 87' lang='lat' dir='ltr'>age</span> <span class='ocrx_word' id='word_1_210' title='bbox 1208 2487 1397 2527; x_wconf 83' lang='lat' dir='ltr'>membris</span> 
     </span>
    </p>
   </div>
   <div class='ocr_carea' id='block_1_3' title="bbox 252 2609 1574 2689">
    <p class='ocr_par' dir='ltr' id='par_1_11' title="bbox 252 2609 1574 2689">
     <span class='ocr_line' id='line_1_35' title="bbox 252 2609 1574 2639; baseline 0 -3"><span class='ocrx_word' id='word_1_211' title='bbox 252 2611 307 2636; x_wconf 78' lang='lat'>197.</span> <span class='ocrx_word' id='word_1_212' title='bbox 328 2610 360 2637; x_wconf 78' lang='lat' dir='ltr'>P.</span> <span class='ocrx_word' id='word_1_213' title='bbox 384 2610 434 2636; x_wconf 75' lang='lat' dir='ltr'>hat</span> <span class='ocrx_word' id='word_1_214' title='bbox 453 2617 498 2635; x_wconf 81' lang='lat' dir='ltr'>am</span> <span class='ocrx_word' id='word_1_215' title='bbox 518 2609 616 2635; x_wconf 75' lang='lat' dir='ltr'>Raude</span> <span class='ocrx_word' id='word_1_216' title='bbox 639 2612 710 2637; x_wconf 71' lang='lat' dir='ltr'>stan</span> <span class='ocrx_word' id='word_1_217' title='bbox 738 2609 832 2635; x_wconf 72' lang='lat' dir='ltr'>scindi</span> <span class='ocrx_word' id='word_1_218' title='bbox 858 2609 997 2634; x_wconf 57' lang='lat' dir='ltr'>redivivi»</span> <span class='ocrx_word' id='word_1_219' title='bbox 1025 2618 1063 2635; x_wconf 75' lang='lat' dir='ltr'>sc</span> <span class='ocrx_word' id='word_1_220' title='bbox 1093 2609 1255 2636; x_wconf 82' lang='lat' dir='ltr'>credere</span> <span class='ocrx_word' id='word_1_221' title='bbox 1281 2610 1406 2639; x_wconf 73' lang='lat' dir='ltr'>duris.</span> <span class='ocrx_word' id='word_1_222' title='bbox 1441 2611 1504 2638; x_wconf 77' lang='lat'>201.</span> <span class='ocrx_word' id='word_1_223' title='bbox 1531 2609 1574 2636; x_wconf 75' lang='lat' dir='ltr'>Ad</span> 
     </span>
     <span class='ocr_line' id='line_1_36' title="bbox 325 2655 517 2689; baseline 0 -8"><span class='ocrx_word' id='word_1_224' title='bbox 325 2655 453 2689; x_wconf 77' lang='lat' dir='ltr'>laetis,</span> <span class='ocrx_word' id='word_1_225' title='bbox 475 2655 517 2681; x_wconf 73' lang='lat' dir='ltr'>M.</span> 
     </span>
    </p>
   </div>
  </div>
 </body>
</html>
