1702 2939
775 195 1088 239 —148—

766 310 1100 353 Gallicanus.

244 377 308 418 Eh
341 380 441 418 heu!
464 378 513 432 ¹⁰)
543 379 810 432 dedignatur3
839 381 1051 433 praescivi.
1083 381 1252 431 Instate,
1271 394 1434 434 quaeso,
1455 395 1617 424 meeum

248 448 451 500 precibus,

784 504 1077 558 Principes,

243 572 378 612 Decet
409 576 539 622 tuam,
584 572 805 626 imperator
837 575 1027 625 egiwgie,
1072 575 1331 627 dignitatem,
1375 578 1422 616 ut
1450 590 1523 630 pro
1554 577 1617 617 sui

246 642 484 681 reverentia
514 642 589 681 hoe
619 642 676 680 illi
703 655 782 681 non
813 643 978 682 abnuas.

734 710 1138 751 Constantinus.

245 777 288 817 Si
315 779 369 829 ¹¹)
399 779 544 826 abnuo,
576 782 770 831 quantum
801 780 852 818 ad
880 793 965 830 nie3
997 780 1069 818 sed
1100 781 1237 819 subtili
1258 780 1431 833 primum
1451 781 1615 834 inquisi-

247 847 357 886 tione
388 861 481 887 reor
513 848 855 900 investigandum,
888 861 938 887 an
970 849 1051 888 filia
1081 850 1277 902 praebeat
1306 840 1529 890 assensum.

779 915 1075 970 Principes.

246 982 510 1037 Consequens
543 987 616 1024 est.

727 1052 1126 1093 Constantinus.

246 1120 319 1161 Ibo
350 1121 583 1174 ipsamque,
621 1121 654 1160 si
684 1121 801 1169 velis,
845 1120 1068 1172 Gallicane,
1100 1136 1172 1175 pro
1203 1123 1280 1162 hae
1309 1135 1355 1162 re
1385 1123 1610 1176 appellabo.

775 1188 1100 1230 Gallicanus.

243 1246 306 1286 Ae
335 1247 479 1287 libens.

767 1360 1088 1401 Constantia.

242 1429 437 1468 Dominus
480 1430 700 1482 imperator
740 1430 825 1469 adit
863 1444 936 1470 nos
977 1431 1094 1470 solito
1137 1431 1292 1471 tristior
1306 1448 1314 1482 3
1356 1432 1451 1484 quid
1512 1431 1615 1471 velit

241 1498 512 1537 vehementer
540 1499 726 1538 admiror.
1473 1503 1478 1507 “

726 1565 1135 1607 Constantinus.

241 1632 335 1673 Hue
365 1635 476 1684 ades,
509 1649 530 1675 o
561 1635 644 1675 filia
675 1633 923 1684 Constantia,
951 1636 1091 1688 paucis
1122 1641 1163 1676 te
1192 1636 1297 1677 volo.

762 1703 792 1744 C
806 1717 828 1743 o
841 1717 867 1743 n
879 1718 898 1743 s
910 1708 926 1743 t
937 1717 960 1742 a
971 1718 996 1743 n
1008 1707 1025 1744 t
1035 1705 1047 1743 i
1058 1717 1092 1744 a.

240 1770 403 1820 Assum,
435 1772 595 1812 domine
624 1772 696 1822 mi;
722 1773 834 1825 jube,
865 1773 961 1824 quid
990 1773 1103 1811 velis.

727 1839 1132 1880 Constantinus.

239 1906 465 1946 Anxietate
496 1908 629 1947 cordis
658 1908 808 1959 fatigor
839 1909 1039 1959 gravique
1069 1909 1234 1948 tristitia
1261 1909 1426 1949 afficior.

754 1974 784 2015 C
797 1989 818 2014 o
832 1989 855 2013 n
869 1989 887 2013 s
900 1979 948 2014 ta
961 1989 985 2014 n
999 1979 1014 2015 t
1026 1976 1037 2014 i
1049 1988 1083 2014 a.

237 2040 294 2082 Ut
322 2044 362 2080 te
393 2043 627 2082 venientem
657 2043 843 2096 adspexi,
882 2044 1086 2083 tristitiam
1127 2045 1378 2097 deprehendi
1421 2047 1472 2095 et,
1513 2045 1610 2086 lieet

239 2122 405 2149 causam
443 2111 676 2162 ignorarem
688 2143 696 2159 ,
740 2113 981 2151 conturbata
1011 2113 1210 2165 pertimui.

724 2178 1122 2220 Constantinus.

236 2245 317 2285 Tui
347 2258 472 2286 causa
502 2247 730 2288 contristor.

758 2314 1088 2356 Constantia.

231 2380 350 2422 Mei?

724 2438 1120 2482 Constantinus.

231 2495 318 2534 Tui.

269 2651 317 2687 10)
337 2651 411 2686 Heu,
431 2651 505 2679 heu!
527 2650 560 2680 C.
579 2658 607 2681 u.
631 2650 661 2679 S.
699 2654 746 2687 11)
765 2652 843 2680 Non
863 2653 970 2688 abnuo,
996 2653 1027 2682 C.
1048 2661 1077 2682 u.
1098 2653 1128 2682 S.
