1702 2939
611 213 928 256 -293—

599 332 918 372 Hadrianus.

78 391 250 438 Quare?

655 445 878 487 Caritas.

79 517 186 563 Quia
215 517 378 556 mentiri
407 517 513 557 nolo.
572 516 663 568 Ego
693 516 855 568 quidem
887 518 928 555 et
958 528 1121 555 sorores
1150 527 1267 554 meae
1299 515 1454 556 eisdem

77 587 318 640 parentibus
347 587 524 638 genitae,
549 586 708 625 hisdem
725 585 776 638 ⁵¹)
809 585 1076 625 sacramentis
1100 584 1280 624 imbutae
1302 598 1455 633 sumus,

78 668 160 695 una
188 656 413 707 eademque
437 655 532 694 fidei
559 655 786 695 constantia
805 656 1043 703 roboratae3
1074 656 1324 706 quapropter
1340 654 1453 703 scito,

78 726 265 764 nostrum
295 725 416 773 velle,
448 727 634 764 nostrum
665 724 907 772 consentire,
936 726 1122 763 nostrum
1153 735 1298 776 sapere
1328 735 1456 762 unum

78 793 273 846 idemque
306 806 409 842 esse,
440 806 518 832 nec
547 806 612 832 me
643 793 684 831 in
714 792 797 831 ullo
829 805 1018 844 umquam
1047 792 1127 831 illis
1158 792 1369 831 dissidere.

599 862 914 901 Hadrianus

80 929 114 971 Ο
145 930 305 984 injuria,
347 931 455 983 quod
485 943 508 969 a
538 930 700 970 tantilla
746 931 869 969 etiam
899 932 1165 983 contempnor
1208 929 1455 970 homullula!

649 998 874 1039 Caritas.

74 1068 192 1109 Licet
220 1070 375 1110 tenella
406 1071 481 1109 sim
511 1071 660 1118 aetate,
691 1072 829 1108 tamen
861 1081 993 1120 gnara
1033 1081 1124 1108 sum
1163 1070 1206 1109 te
1237 1080 1455 1121 argumen-

74 1142 164 1179 tose
197 1139 463 1179 confundere.

600 1194 922 1234 Hadrianus

74 1265 282 1305 Abstrahe
304 1254 426 1314 illam,
449 1264 665 1312 Antioche,
695 1265 737 1303 et
762 1263 839 1312 fae,
865 1267 923 1313 ut,
945 1276 1148 1317 suspensa
1166 1263 1208 1304 in
1230 1264 1384 1313 eculeo,
1402 1263 1456 1316 ⁵⁹¹)

78 1334 273 1374 atrociter
301 1335 559 1373 verberetur.

607 1391 925 1431 Antiochus.

78 1460 251 1509 Vereor,
283 1460 393 1512 quod
422 1460 600 1499 verbera
629 1474 711 1500 non
741 1460 1022 1513 praevaleant.

600 1529 922 1568 Hadrianus.

77 1598 119 1638 Si
148 1611 230 1638 non
259 1598 540 1651 praevaleant,
567 1599 679 1651 jube,
711 1599 842 1638 tribus
873 1597 1075 1637 continuis
1107 1597 1250 1636 dicbus
1282 1609 1330 1636 ae
1360 1609 1454 1637 noc-

74 1668 184 1707 tibus
216 1668 425 1707 fornacem
454 1668 649 1707 succendi
680 1670 721 1706 et
751 1668 862 1706 illam
891 1667 998 1706 inter
1017 1666 1243 1706 bachantes
1273 1666 1456 1705 flammas

75 1736 214 1790 proici.

657 1792 884 1833 Caritas.

77 1862 110 1902 Ο
127 1862 308 1916 judicem
330 1862 592 1915 inpotentem,
617 1862 686 1914 qui
713 1862 871 1909 diffidit,
896 1875 939 1901 se
967 1863 1122 1915 absque
1148 1861 1271 1902 armis
1300 1860 1458 1913 ignium

77 1934 320 1971 oetuennem
337 1931 388 1984 53)
419 1932 618 1971 infantem
648 1944 844 1984 superare
875 1933 1020 1984 posse!

599 2001 916 2040 Hadrianus.

76 2067 168 2116 Abi,
199 2068 415 2118 Antioche,
449 2071 490 2109 et
519 2070 748 2122 injunctum
777 2069 956 2108 officium
985 2068 1151 2122 perfice.

657 2136 686 2177 C
701 2150 753 2176 ar
764 2138 777 2176 i
789 2142 805 2176 t
816 2150 838 2176 a
854 2151 883 2176 s.

79 2205 285 2246 Saevitiae
321 2207 485 2259 quidem
525 2209 620 2245 tuac
653 2206 942 2245 satisfaciendo
973 2205 1144 2258 parebit,
1186 2206 1258 2246 sed
1287 2220 1353 2246 me
1382 2206 1455 2247 mi-

77 2276 182 2314 nime
215 2277 387 2325 nocebit,
413 2275 504 2328 quia
532 2288 607 2314 nec
638 2276 816 2314 verbera
843 2275 922 2313 inei
946 2275 1232 2327 corpusculum
1256 2276 1454 2325 lacerare,

78 2358 154 2383 nec
186 2344 370 2384 flammae
403 2357 559 2384 comam
588 2344 657 2383 vel
686 2348 826 2383 vestes
857 2346 1050 2396 poterunt
1079 2345 1306 2385 obfuscare.

603 2424 644 2463 H
657 2437 680 2463 a
693 2425 718 2463 d
730 2438 750 2463 r
763 2425 775 2463 i
787 2437 809 2462 a
822 2437 847 2462 n
859 2438 886 2463 u
899 2437 929 2464 s.

78 2480 343 2533 Experietur.

114 2639 163 2671 51)
186 2638 322 2665 eisdem
354 2639 406 2672 C.;
431 2638 611 2673 ejusdem,
636 2638 664 2665 S.
701 2639 955 2675 52Jequu1eo,
978 2639 1125 2677 S.u.Mg.
1163 2642 1213 2677 53]
1233 2644 1453 2677 octennem,

186 2684 226 2719 C.,
251 2684 280 2710 S.
303 2694 333 2712 u.
354 2685 414 2720 Mg.
