1702 2939
618 220 935 263 -251-

653 337 906 377 Juvenes

94 394 149 437 Ut
178 394 287 433 libet.

609 508 957 562 Paphnutius.

93 577 156 618 Tu
189 576 316 617 istaec
347 576 466 625 intro,
499 576 636 626 Thais,
669 590 789 630 quam
820 591 972 631 quaero
985 580 1005 619 t>

693 646 725 685 Τ
738 647 764 687 h
777 659 798 686 a
811 647 864 686 is.

93 715 194 761 Quis
225 714 302 764 hic,
334 714 403 767 qui
433 715 623 768 loquitur,
655 715 820 767 ignotus
841 717 860 756 P

601 783 960 837 Paphnutius.

91 840 261 881 Amator
293 843 399 881 tuus.

702 910 734 949 T
748 911 774 949 h
787 923 809 949 a
822 910 833 949 i
847 924 877 949 s.

93 979 350 1032 Quicumque
380 992 445 1019 me
477 992 614 1019 amore
632 979 685 1032 ³¹2)
725 979 840 1028 colit,
883 992 1056 1033 aequam
1096 979 1229 1020 vicem
1269 980 1417 1021 amoris
1448 993 1472 1021 a

91 1061 155 1088 me
186 1049 341 1102 recipit.

603 1106 954 1159 Paphnutius.

93 1173 126 1214 O
154 1174 290 1223 Thais,
323 1174 459 1223 Thais,
493 1177 645 1226 quanta
675 1175 909 1226 gravissimi
941 1175 1098 1214 itineris
1130 1177 1345 1216 currebam
1375 1189 1467 1230 spa-

93 1243 170 1292 tia,
216 1257 293 1295 quo
334 1244 431 1283 mihi
471 1244 639 1283 daretur
680 1244 796 1297 copia
838 1245 973 1284 tecum
1003 1244 1117 1283 fandi
1148 1245 1288 1297 tuique
1320 1245 1469 1285 faciem

93 1312 405 1365 contemplandi.

696 1369 727 1409 T
741 1370 767 1409 h
781 1369 871 1409 ais.

91 1439 179 1479 Neo
210 1441 422 1492 aspectum
453 1439 662 1488 subtraho,
696 1452 774 1479 neo
805 1439 1051 1492 colloquium
1081 1440 1255 1492 denego.

612 1509 644 1548 P
657 1521 712 1561 ap
727 1509 753 1547 h
766 1509 953 1548 nutius.

92 1576 307 1616 Secretum
352 1578 518 1616 nostrae
566 1577 907 1617 confabulationis
953 1577 1162 1617 desiderat
1208 1577 1470 1618 solitudinem

92 1646 171 1685 loci
203 1646 447 1685 secretioris.

696 1703 727 1743 T
741 1703 767 1742 h
780 1715 803 1742 a
814 1703 828 1742 i
839 1716 869 1742 s.

96 1771 219 1822 Ecce,
252 1772 384 1812 cubile
415 1773 520 1812 bene
548 1773 723 1812 stratum
753 1775 795 1811 et
824 1772 1067 1812 delectabile
1084 1771 1135 1811 ad
1151 1772 1471 1813 inhabitandum.

611 1842 643 1881 P
657 1853 680 1880 a
691 1856 716 1895 p
726 1842 752 1880 h
765 1855 791 1880 n
803 1855 830 1880 u
842 1845 857 1880 t
868 1841 915 1880 iu
929 1856 958 1880 s.

89 1909 218 1949 Estne
249 1910 315 1949 hic
359 1911 469 1950 aliud
500 1910 699 1964 penitius,
739 1911 781 1949 in
823 1924 900 1962 quo
942 1909 1143 1962 possimus
1185 1910 1360 1963 colloqui
1403 1924 1468 1951 se-

96 1980 248 2019 cretius
261 1981 280 2019 ἱ)

695 2037 728 2077 Τ
741 2037 767 2076 h
781 2036 869 2075 ais.

95 2104 172 2145 Est
204 2105 354 2144 etenim
383 2105 493 2145 aliud
525 2107 740 2154 occultum,
771 2109 855 2145 tam
886 2107 1109 2153 secretum,
1148 2107 1194 2144 ut
1225 2105 1312 2158 ejus
1343 2119 1467 2159 pene-

89 2175 172 2213 tral
203 2175 304 2213 nulli
335 2177 502 2228 praeter
532 2188 609 2222 me,
642 2175 718 2214 nisi
748 2175 847 2222 Deo,
879 2178 943 2214 est
958 2174 1010 2226 33)
1042 2174 1261 2226 cognitum.

605 2243 957 2296 Paphnutius,

97 2299 171 2340 Cui
198 2300 316 2341 Deo?

695 2358 862 2397 Thais.

93 2413 215 2454 Vero.

602 2472 956 2525 Paphnutius,

91 2537 249 2589 Credis,
280 2540 393 2581 illum
424 2541 576 2594 aliquid
609 2542 713 2582 scire
731 2542 751 2581 Ῥ

128 2698 178 2733 32]
197 2706 320 2726 amare
341 2700 422 2735 colit,
445 2701 476 2729 C.
500 2709 530 2728 u.
552 2700 580 2727 S.
619 2701 670 2734 33)
689 2701 750 2734 sit,
771 2701 801 2727 C.
823 2708 851 2728 u.
875 2700 905 2726 S.
