1702 2939
723 209 1037 252 —324—

308 327 493 367 Yerbula
523 325 756 378 conciperet
786 327 954 366 latebris
984 326 1226 379 propensius
1257 327 1378 374 auriS,

194 396 287 437 510.
310 397 445 449 Ipsius
477 396 516 434 in
548 396 707 434 dulcem
738 398 848 434 totus
878 399 1094 447 raperetur
1125 408 1313 442 amorem,

308 467 533 506 Absentem
562 477 768 503 venerans
799 464 943 502 animis
976 464 1179 503 dominum
1210 464 1413 504 studiosis.

313 534 445 580 Quem
476 538 594 586 pater
625 534 832 584 egregius,
865 546 940 572 rex
972 536 1012 572 et
1043 533 1177 572 senior
1206 533 1478 580 venerandum

308 603 492 642 Dilectae
523 602 662 641 matris
693 605 864 641 mortem
895 602 1079 652 graviter
1110 602 1349 654 patientem,

307 671 469 710 Affectu
498 670 628 723 patrio
659 683 817 709 nec-non
849 671 999 723 pietate
1032 671 1209 722 benigna

194 739 288 781 515.
311 740 444 792 Digno
475 745 664 792 percerte
690 740 775 791 jam
806 739 1039 779 sublimavit
1070 740 1233 789 honore,

310 809 492 861 Subjec·ti
524 809 678 847 faciens
709 807 828 859 regni
861 808 984 859 digne
1016 808 1223 847 dominari.

309 877 479 916 Necnon
510 876 787 928 Liudgardam
818 877 937 915 simili
969 889 1091 916 causa
1121 876 1410 922 venerandam,

308 945 439 987 Unica
470 945 633 984 feminei
663 958 768 997 quae
801 959 894 998 spes
926 959 1053 984 sexus
1085 946 1160 985 suit
1190 946 1259 994 illi,

307 1013 491 1054 Gratiola
521 1014 640 1066 parili
672 1014 806 1063 coluit,
838 1014 1042 1067 provexit,
1075 1015 1237 1054 amavit.

193 1081 291 1123 5520.
313 1082 433 1122 Hanc
465 1096 625 1134 quoque
656 1082 842 1122 Conrado
874 1083 1020 1121 vinclis
1051 1082 1223 1122 sociavit
1253 1083 1412 1130 amoris,

308 1151 490 1203 Egregio
523 1155 772 1204 strenuoque
806 1151 908 1200 duc-i,
941 1151 1106 1190 nimium
1137 1165 1296 1204 quoque
1329 1151 1436 1200 forti,

309 1220 483 1260 Munere
515 1221 583 1272 qui
613 1220 706 1259 talis
738 1220 886 1272 dignus
923 1221 1136 1259 constabat
1166 1220 1340 1259 honoris.

306 1289 443 1342 thue
473 1303 545 1329 suo
577 1289 695 1328 subdi
726 1292 821 1329 nato
854 1290 1010 1328 faceret
1039 1289 1232 1328 Liudulso

304 1358 482 1398 Multum
513 1359 687 1397 devotae
718 1358 901 1411 perfeeto
933 1358 1080 1397 mentis
1113 1370 1249 1397 amore

192 1426 286 1468 525.
307 1428 561 1467 Francorum
592 1427 727 1478 gentis
759 1427 941 1466 dominos
972 1426 1218 1479 praenobilis
1249 1426 1388 1474 almos,

305 1496 474 1536 Necnon
505 1495 699 1548 primates
732 1494 961 1534 Suevorum
992 1495 1148 1534 scilicet
1180 1508 1330 1543 omnes,

305 1565 392 1618 Ipsi
420 1565 546 1616 legali
576 1565 891 1618 praepulchram
922 1564 1089 1603 foedere
1118 1564 1238 1617 jungi

304 1632 422 1673 Idam
449 1633 584 1686 jussit,
615 1633 858 1673 Herimanni
886 1636 1024 1673 natam
1055 1633 1169 1672 ducis
1199 1632 1306 1682 almi,

306 1701 388 1748 Qui
418 1702 496 1742 fuit
524 1701 695 1741 illustris
725 1702 915 1756 princeps
945 1702 986 1741 in
1017 1702 1201 1755 partibus
1230 1701 1321 1741 illis.

190 1769 284 1811 530.
307 1770 424 1811 Haeo
454 1784 614 1823 quoque
645 1771 799 1823 regalis
830 1772 965 1811 fuerat
996 1771 1200 1811 consortia
1229 1770 1354 1823 prolis

301 1840 382 1880 Pro
400 1840 555 1880 meritis
586 1841 775 1893 propriae
806 1840 1018 1893 probitatis
1050 1840 1175 1892 digna
1204 1839 1354 1887 subire,

304 1910 367 1948 Ao
396 1909 487 1948 vioe
517 1909 687 1960 reginae
719 1923 873 1948 summo
904 1913 1128 1948 veneratur
1161 1909 1327 1955 honore,

303 1977 422 2028 Rege
450 1977 622 2029 jubente
654 1977 816 2029 quidem
846 1990 921 2029 per
952 1979 1187 2015 consuetam
1218 1975 1423 2028 pietatem.

303 2045 423 2084 Illam
452 2059 529 2085 nee
560 2046 744 2085 habitare
771 2045 870 2084 loeis
901 2045 1030 2085 voluit
1061 2044 1293 2096 segregatis

189 2112 283 2153 535.
306 2113 401 2153 Rex
431 2114 550 2162 idem,
583 2114 669 2153 nati
700 2114 823 2166 digne
853 2127 1076 2153 succensus
1108 2126 1256 2161 amore,

304 2182 387 2222 Sed
417 2196 492 2222 eeu
523 2183 708 2235 reginam
738 2197 912 2235 regnum
943 2183 1118 2223 transire
1148 2195 1223 2235 per
1253 2181 1442 2234 amplum,

304 2251 395 2296 Quo
427 2252 485 2290 sie
516 2252 689 2291 dilectus
720 2252 894 2291 sentiret
924 2251 1030 2291 filius
1063 2252 1152 2304 ejus

300 2320 447 2360 Dulcia
478 2320 675 2372 gratiolae
708 2334 868 2373 semper
899 2320 1140 2360 munuscula
1169 2331 1356 2371 magnae,

301 2389 387 2441 Ipsi
419 2402 510 2428 eum
542 2402 691 2441 sponsa
722 2390 841 2441 regni
872 2389 1048 2429 socIatus
1079 2389 1120 2428 in
1151 2389 1255 2428 aula.

221 2503 282 2529 ³15.
303 2500 433 2535 Signo,
455 2501 495 2528 Μ.
518 2509 544 2527 u.
567 2501 619 2535 P.;
641 2502 667 2527 d.
700 2500 810 2527 luitiale
840 2501 895 2536 ist,
918 2501 971 2527 wie
992 2501 1093 2534 sineru,
1116 2499 1221 2526 falsch.
1258 2499 1319 2526 516.
1342 2497 1557 2531 subjectis,

300 2547 343 2580 C„
361 2546 392 2574 R.
412 2555 440 2574 u.
461 2545 491 2573 S.
521 2547 582 2574 523.
603 2547 642 2572 M.
663 2547 712 2573 hat
732 2556 772 2573 su
785 2547 916 2573 belina
930 2550 980 2579 tog
1000 2546 1026 2573 cl
1045 2546 1123 2572 steht
1140 2545 1246 2578 jedoch
1267 2544 1368 2579 h'auflg
1387 2545 1458 2569 stant
1478 2543 1507 2577 d,
1523 2549 1556 2568 no

295 2593 364 2619 dan
383 2602 406 2618 z.
427 2592 458 2619 Β,
486 2595 557 2618 stan
583 2592 712 2619 clemens
739 2593 859 2619 demens
879 2593 998 2627 gelesen
1027 2592 1143 2618 werden
1179 2598 1276 2627 mum3
1316 2591 1348 2616 P.
1380 2589 1430 2616 hat
1458 2595 1554 2623 urspr.

297 2637 525 2671 unimus-ato,
554 2645 599 2664 am
621 2637 719 2665 Raude
741 2639 819 2665 steht
843 2638 1078 2664 subclinato.
1116 2638 1176 2666 527.
1201 2634 1494 2671 perpulchram,
1512 2634 1554 2667 C.‚

298 2683 330 2710 R.
352 2693 381 2712 u.
401 2684 432 2712 S.
468 2684 530 2712 518.
551 2684 769 2720 Hermanni,
794 2684 836 2719 C.‚
856 2684 889 2713 R.
911 2693 940 2711 u.
959 2683 988 2711 S.
