1702 2939
573 272 859 319 ...83-

138 392 396 441 Promittens,
428 396 654 447 promptam
685 394 904 446 despectus
936 407 1027 433 esse
1058 395 1269 443 medelam,

54 460 118 501 90.
143 462 186 501 Si
216 463 397 515 parendo
429 463 514 501 suis
545 463 674 501 vellet
703 464 862 501 tantum
892 463 1090 510 suadelis,

146 530 229 570 Sub
263 531 412 570 ditione
445 532 508 570 sui
537 537 630 584 post
659 531 761 569 haec
791 531 976 570 habitare
1007 532 1204 584 magistri.

199 599 274 638 His
307 600 372 638 hic
401 600 547 639 infelix
578 600 739 639 monitis
771 602 914 652 eaptus
944 601 1049 639 male
1080 601 1251 648 blandis,

143 667 363 707 Daemonis
395 669 587 720 obsequio
620 668 734 707 saevi
765 669 891 719 gestit
921 669 1102 720 religari,

140 736 232 781 Quo
263 737 338 775 sibi
368 738 593 776 umbratilis
623 750 770 776 munus
800 738 1019 777 meruisset
1049 739 1225 778 honoris.

58 802 122 844 95.
146 804 289 852 Quem,
322 819 402 844 non
434 806 639 856 signatum
670 807 786 857 signo
818 809 984 845 sanetae
1017 807 1150 846 crucis
1182 808 1298 856 almo,

142 872 222 912 Sed
255 886 374 925 mage
407 875 653 913 daemonicis
684 875 954 914 confidentem
985 875 1176 924 suadelis,

141 941 265 980 Ocius
296 943 364 981 ille
395 956 540 994 magus
572 957 711 982 secum
743 943 864 982 duxit
892 943 1134 983 maledictus

145 1010 276 1049 Trans
308 1012 450 1050 urbem
481 1014 555 1051 sub
587 1012 796 1051 nocturnis
827 1015 986 1052 secreto
1018 1013 1212 1061 tenebris,

142 1079 288 1119 Intulit
317 1080 441 1132 inque
472 1081 617 1128 locum,
648 1081 774 1120 multo
806 1081 1090 1132 phantasmate
1122 1082 1298 1135 plenum,

30 1145 120 1186 100.
144 1147 193 1186 In
226 1162 304 1199 quo
335 1151 505 1189 tartarei
538 1153 740 1190 steterant
768 1150 958 1203 in‘zveste
991 1151 1121 1190 coloni

144 1216 263 1264 Alba,
296 1219 488 1257 candelas
519 1221 660 1272 plures
691 1221 876 1259 manibus
906 1219 1146 1259 retinentes,

141 1285 258 1324 Inter
290 1300 390 1338 quos
420 1289 577 1327 medius
608 1290 798 1341 princeps
828 1288 1037 1327 residebat
1067 1288 1242 1340 iniquus,

143 1354 223 1398 Qui
254 1368 331 1394 rex
363 1360 426 1395 est
455 1358 607 1403 mortis,
638 1358 775 1410 proles
807 1370 968 1409 quoque
998 1357 1249 1410 perditionis,

143 1422 330 1462 suadens
362 1424 629 1477 dampnandis
661 1429 797 1465 astuta
820 1426 966 1464 fraude
995 1425 1202 1475 ministris,

32 1487 316 1544 105.1npigre
349 1494 504 1532 eunetis
534 1495 808 1547 praetendere
839 1494 1075 1534 calliditatis

142 1560 348 1599 Assuctae
381 1562 548 1614 laqueos
581 1577 719 1603 omnes
751 1566 916 1616 captare
946 1566 1124 1616 paratos.

195 1629 252 1668 At
280 1643 426 1681 magus
459 1635 663 1671 errantem
695 1632 993 1684 dampnumque
1020 1632 1083 1671 sui
1113 1631 1344 1684 cupientem

147 1696 248 1737 Mox
280 1699 331 1737 ad
363 1701 576 1739 concilium
606 1700 859 1753 perducebat
889 1701 1149 1748 scelerosum,

146 1766 466 1820 Prostratusque
497 1769 560 1808 3111
590 1769 739 1822 plantis
771 1769 966 1821 extimplo
997 1768 1195 1819 magistri,

35 1832 125 1873 110.
144 1835 391 1876 Monstravit
421 1839 548 1877 verbo
580 1850 755 1886 oausam,
787 1850 868 1889 qua
896 1842 1070 1876 venerat
1099 1837 1181 1876 illo.

147 1902 221 1942 Cui
253 1904 424 1944 daemon
456 1918 606 1945 saevus
637 1910 779 1946 contra
809 1907 866 1945 sie
897 1906 1072 1958 denique
1104 1905 1235 1945 fatus:

151 1971 263 2021 ,‚Die,
297 1974 364 2023 ait,
396 1975 536 2013 auxilii
565 1975 718 2028 possim
749 1975 843 2027 quid
874 1975 985 2014 serre
1016 1974 1129 2014 fideli

146 2041 405 2094 „Ablutoque
435 2043 524 2083 viro
557 2042 707 2083 Christi
735 2043 989 2096 baptismatis
1019 2042 1161 2082 unda?

147 2108 218 2157 „Si
247 2123 362 2149 meus
391 2124 482 2150 esse
514 2113 636 2164 cupit,
668 2112 830 2164 scriptis
862 2111 1148 2163 Christumque
1165 2111 1334 2162 negabit

36 2174 126 2216 115.
150 2177 375 2230 „Illiusque
406 2180 632 2231 puellarem
662 2181 818 2232 pariter
849 2180 1102 2231 genitricem,

149 2245 256 2294 „Per
288 2249 402 2299 eujus
433 2252 595 2300 partum
625 2249 757 2301 patior
787 2249 953 2287 nimium
984 2261 1113 2299 grave
1145 2247 1375 2300 dampnum,

145 2314 293 2363 „Illum
325 2317 513 2356 continuo
544 2318 696 2357 virtute
728 2329 818 2355 mea
847 2318 1042 2356 relevabo

148 2383 310 2435 „Atque
343 2385 467 2424 decus
498 2387 591 2425 talis
621 2379 838 2438 praestabo
870 2388 1060 2438 patenter
1090 2385 1266 2432 honoris,

150 2451 348 2499 „Praesul
379 2456 425 2492 ut
456 2454 544 2506 ipse
577 2456 660 2494 suis
692 2468 772 2494 non
804 2454 1085 2493 contradicere
1111 2454 1239 2507 jussis

39 2516 131 2558 120.
151 2519 380 2573 ‚‚Apponat,
412 2536 586 2562 cernens
617 2537 756 2564 omnes
786 2523 845 2562 illi
875 2523 1132 2571 famulantes,

39 2643 276 2652 Q-—<....

72 2708 192 2740 Oaxssuo
213 2714 284 2738 sic.
309 2712 340 2740 C.
363 2722 390 2740 u.
412 2713 441 2743 S,
477 2715 520 2742 93.
544 2716 638 2743 (lue-ui
668 2725 753 2750 nec,
776 2715 806 2743 C.
832 2722 860 2744 u.
881 2712 910 2743 S.
951 2714 993 2746 99.
1017 2712 1135 2751 pieni,
1160 2712 1199 2745 M.
1243 2715 1298 2747 101.
1321 2713 1407 2746 reul³

126 2758 269 2794 denam,
301 2759 359 2794 Μ.;
382 2760 409 2784 Ι’.
432 2763 567 2795 corrigia
591 2764 618 2788 in
641 2764 852 2790 residebat.
896 2765 941 2790 105
963 2764 1177 2805 callidatnis,
1200 2765 1238 2790 Μ,

1082 2805 1132 2841 b*
