1702 2939
615 214 812 258 —287
875 239 932 247 —--

617 332 926 373 Antiochus.

80 403 142 443 Ne
178 403 339 452 evadat,
370 402 679 455 providendum.

599 471 920 510 Hadrianus.

82 528 224 582 Capite
256 531 480 568 truncetur.

618 585 920 639 Antiochus.

83 655 276 707 Alioquin
308 668 389 694 non
419 655 620 694 vincetur.

686 711 857 750 Fides.

78 781 200 820 Nune
233 785 295 820 est
325 781 597 832 gaudendum,
630 793 738 818 nune
770 780 809 818 in
842 779 1010 819 Domino
1045 780 1323 820 exultandum.

621 848 918 900 Sapientia.

84 918 268 967 ‹flu-isto,
310 918 582 969 triumphator
623 918 772 956 diaboli
808 917 1086 966 invictissime,
1120 918 1170 956 da
1201 918 1458 957 tolerantiam

82 988 210 1035 Fidei,
241 999 358 1026 meae
389 988 507 1026 filiae.

684 1043 858 1082 Fides.

79 1112 112 1152 O
144 1115 276 1152 mater
315 1113 573 1160 veneranda,
616 1112 680 1151 die
720 1113 814 1151 vale
854 1113 1041 1152 ultimum
1083 1115 1177 1152 tuae
1209 1113 1329 1162 filiae,
1372 1114 1455 1153 liba

79 1182 261 1220 osculum
305 1184 399 1221 tuae
445 1182 753 1234 primogenitae,
800 1195 876 1220 nee
921 1182 1103 1221 afficiare
1143 1183 1226 1222 ullo
1268 1195 1455 1222 moerore

80 1251 225 1298 cordis,
259 1250 353 1302 quia
384 1251 506 1289 tendo
539 1250 589 1288 ad
618 1251 807 1289 bravium
838 1251 1104 1290 aeternitatis.

618 1319 914 1372 Sapientia.

83 1377 116 1416 O
135 1377 187 1430 39)
218 1377 311 1425 filia,
344 1377 437 1424 filia,
470 1390 550 1415 non
582 1377 819 1425 confundor,
850 1391 930 1416 non
970 1377 1198 1425 contristor,
1239 1378 1312 1416 sed
1344 1379 1456 1417 Vale-

80 1446 167 1484 (Ῑίρο
207 1446 278 1485 tibi
321 1445 543 1485 exultando
584 1448 624 1485 et
655 1446 815 1485 osculor
846 1460 889 1485 os
922 1447 1141 1498 oculosque
1172 1459 1271 1499 prae
1304 1447 1454 1498 gaudio

78 1515 338 1563 lacrimando,
372 1528 504 1563 orans,
521 1519 566 1554 ut
596 1517 669 1554 sub
700 1515 784 1554 iotu
814 1516 1067 1568 percussoris
1097 1516 1339 1556 inviolatum
1370 1530 1456 1555 ser-

81 1597 156 1622 ves
187 1584 429 1637 mysterium
460 1584 521 1623 tui
551 1585 734 1624 nominis.

688 1653 860 1692 Fides.

85 1720 118 1760 Ο
149 1721 336 1760 uterinae
368 1735 542 1770 sorores,
587 1722 711 1762 libate
748 1722 846 1760 mihi
887 1722 1069 1761 osculum
1099 1722 1212 1775 pacis
1244 1725 1285 1762 et
1315 1725 1459 1777 parate

85 1803 160 1829 vos
192 1790 243 1829 ad
274 1790 534 1830 tolerantiam
563 1791 691 1830 futuri
722 1791 964 1837 certaniinis.

705 1860 849 1913 Spes.

82 1915 249 1969 Adjuva
266 1929 340 1956 nos
357 1917 539 1957 oratione
556 1918 732 1966 assidua,
746 1921 792 1957 ut
807 1931 1037 1957 mereamur
1054 1918 1170 1971 sequi
1186 1920 1255 1958 tua
1270 1920 1459 1972 vestigia.

684 1987 856 2027 Fides.

80 2053 181 2094 Este
214 2055 544 2107 obtemperantes
574 2056 736 2095 monitis
759 2059 923 2096 nostrae
942 2059 1108 2096 sanetae
1125 2058 1319 2109 parentis,
1352 2072 1457 2111 quae

81 2136 155 2162 nos
172 2123 412 2162 hortabatur
427 2125 660 2176 praesentia
677 2125 874 2174 fastidire,
888 2139 966 2178 quo
982 2126 1272 2165 meruissemus
1289 2129 1461 2167 aeterna

82 2192 309 2245 percipere.

658 2249 884 2290 Caritas.

81 2316 282 2357 Maternis
312 2318 489 2358 libenter
521 2319 846 2373 obtemperamus
876 2320 1049 2371 monitis,
1078 2335 1155 2375 quo
1186 2321 1345 2376 perfrui
1375 2336 1458 2362 me-

82 2399 247 2426 reamur
278 2388 459 2427 aeternis
491 2388 618 2428 bonis.

685 2446 851 2485 Fides.

83 2512 320 2564 Percussor‚
351 2514 501 2554 aceede
543 2517 584 2554 et
613 2515 841 2569 injunctum
871 2515 943 2555 tibi
974 2516 1151 2556 officium
1181 2531 1245 2557 me
1278 2518 1460 2557 necando

84 2582 218 2634 imple.

120 2692 170 2729 39]
193 2694 279 2721 Fehlt
297 2696 327 2721 in
348 2694 381 2724 C.
400 2703 431 2724 ιι.
450 2694 481 2721 S.
