1702 2939
207 366 445 420 Opprobriis
475 368 628 406 tactum
658 365 799 405 servili
828 378 1034 404 murmure
1063 366 1256 404 verbum:

206 435 277 484 „si
305 438 347 475 te
378 436 568 487 despexit
599 435 780 474 sterilem
811 434 966 473 faciens
996 433 1121 482 Deus,
1153 434 1294 485 inquit,

206 503 316 553 ,‚Dic‚
347 517 470 555 rogo,
503 504 665 542 divinae
697 516 846 542 causae
878 503 974 555 quid
1004 503 1183 554 pertinet
1213 501 1265 540 ad
1295 500 1391 540 me‘?

97 569 190 612 lsso.
209 572 329 611 Anna
360 572 432 610 sed
464 573 722 624 opprobrium
753 572 957 625 patienter
987 570 1157 622 pertulit
1187 570 1308 618 istud,

206 639 434 679 Effundens
464 643 621 679 tantum
651 641 838 679 lacrimas
871 639 1075 678 subtristis
1107 650 1277 676 amaras.

207 708 371 748 Scilicet
401 709 478 748 hac
508 708 596 761 ipsa
628 709 811 748 Joachim
840 708 1075 760 praedictus
1105 707 1146 745 in
1177 707 1277 745 hora

203 777 391 829 Angelus
422 790 637 830 apparens,
668 777 774 816 inter
804 780 995 815 montana
1024 776 1251 826 refulgens,

203 845 253 885 In
285 846 374 898 quis
405 850 502 885 tunc
532 846 737 899 pascendo
776 858 948 897 gregem
977 845 1214 883 latitaverat
1245 846 1392 891 autem,

94 912 186 953 165.
218 913 404 953 Iusserat
435 915 485 952 ad
517 915 666 953 sociam
698 914 816 953 citius
847 926 1033 952 remeare
1062 913 1258 951 relictam.

211 982 293 1028 Qui
323 983 438 1031 dixit,
468 984 630 1022 monitis
662 983 792 1022 animo
822 984 1031 1035 permotus
1062 982 1112 1019 ab
1142 980 1245 1019 illis:

208 1051 350 1101 „Haec
377 1053 461 1104 jam
490 1052 552 1091 bis
583 1052 698 1090 denis
729 1065 887 1090 mecum
917 1051 1203 1103 permanserat
1232 1049 1361 1096 annis,

206 1120 299 1169 „Ex
330 1121 400 1159 illa
430 1121 626 1159 Dominus
658 1121 838 1159 sobolem
867 1119 963 1157 mihi
993 1132 1070 1157 nec
1102 1117 1214 1156 dedit
1244 1118 1390 1167 ulla1n3

205 1188 407 1240 „Insuper
438 1188 664 1240 opprobriis
696 1188 866 1227 discessi
896 1188 1042 1240 plenus
1073 1186 1221 1225 amaris

95 1254 184 1295 170.
202 1256 370 1309 „Nuper
401 1257 451 1295 de
481 1257 644 1308 templo,
677 1269 801 1296 causa
832 1256 1024 1295 confusus
1056 1257 1105 1294 ab
1137 1255 1227 1306 ipsa
1254 1277 1313 1283 —

206 1324 287 1373 „Et
314 1338 379 1364 me
410 1325 648 1377 despectum
678 1324 885 1375 tantisque
915 1324 1030 1362 malis
1061 1325 1289 1362 saturatum

208 1392 422 1442 „Hortaris
453 1393 622 1444 regredi
651 1393 769 1432 subdi
799 1393 1009 1445 primoque
1039 1392 1242 1445 pudori‘?“

211 1462 278 1501 Ad
309 1475 428 1513 quem
458 1462 680 1500 mansuetis
712 1462 900 1500 coelestis
930 1461 1097 1500 nuntius
1129 1460 1243 1507 orsis,

214 1529 309 1577 „Me
340 1530 427 1568 sore
459 1530 690 1578 coelestem,
722 1530 893 1577 dicebat,
925 1530 1080 1568 credito
1110 1529 1242 1567 vicem

104 1596 194 1638 175.
214 1596 540 1650 „Custodemque
571 1599 630 1637 tui
659 1599 811 1636 factum
842 1597 994 1649 pietate
1026 1597 1195 1649 superni

209 1666 378 1718 „Regis,
411 1668 478 1719 qui
504 1668 657 1719 justam
689 1666 888 1705 consolari
919 1665 1032 1704 dedit
1062 1665 1225 1703 Annam

210 1734 316 1783 „Per
346 1748 423 1782 me,
455 1735 549 1773 dum
578 1735 768 1787 preculas
798 1734 932 1774 flendo
969 1733 1239 1786 profunderet
1268 1732 1406 1771 almas.

208 1804 265 1842 At
295 1817 402 1842 nunc
433 1817 533 1854 ergo
563 1804 623 1842 tui
655 1815 778 1842 causa
809 1803 859 1841 de
891 1803 1056 1841 cardine
1087 1801 1191 1840 coeli

212 1872 384 1923 „Aequa
414 1873 553 1910 ferens
584 1873 680 1911 veni
709 1871 923 1924 permagni
953 1870 1103 1922 gaudia
1135 1869 1240 1917 doni,

100 1940 192 1981 180.
208 1941 404 1993 „Hocque
436 1941 508 1979 tibi
539 1941 639 1989 dico,
671 1940 777 1992 quod
806 1953 903 1978 mox
929 1938 1177 1991 praenobilis
1205 1937 1326 1976 Anna

213 2008 447 2062 „Concipiet
476 2011 614 2048 natam
645 2008 800 2048 cunctis
832 2008 952 2046 seclis
982 2006 1272 2045 venerandam.

212 2077 354 2127 „Haec
384 2079 491 2117 inter
521 2080 639 2117 natas
670 2076 876 2116 hominum
904 2076 976 2114 fiet
1006 2087 1123 2113 sacra
1154 2076 1323 2112 cunctas

213 2145 415 2199 „Spiritus
446 2148 487 2185 et
516 2146 660 2184 merito
692 2147 857 2183 sanctus
886 2143 1120 2195 requiescet
1149 2143 1190 2181 in
1219 2142 1301 2188 illa,

219 2213 306 2263 „Ac
334 2227 409 2267 per
441 2226 560 2265 quam
589 2214 729 2252 veniet
757 2213 906 2251 mundo
936 2212 1167 2251 benedictio
1198 2221 1364 2258 summa,

102 2280 193 2322 185.
212 2282 324 2331 „Nec
354 2283 524 2335 primam
555 2282 736 2330 similem,
769 2294 846 2320 nec
876 2282 1008 2320 fertur
1038 2280 1190 2319 habere
1218 2280 1468 2330 sequentem.

212 2351 294 2399 „At
323 2364 432 2390 nunc
461 2351 513 2390 ad
542 2351 693 2390 sociam
722 2352 876 2402 tempta
907 2361 1092 2388 remeare
1122 2349 1295 2395 beatam,

213 2419 357 2469 „Quae
389 2420 574 2471 gaudens
605 2420 712 2458 omni
740 2422 899 2458 tantum
927 2419 1061 2470 pariet
1090 2417 1215 2456 decus
1247 2415 1345 2465 orbi,

213 2488 293 2536 „Et
322 2501 484 2541 semper
515 2490 656 2540 grates
685 2487 851 2527 Factori
880 2487 1040 2526 reddite
1072 2486 1225 2534 dulces,

140 2622 195 2650 ¹64.
216 2622 382 2648 latitaverat
405 2631 523 2657 segor,
547 2623 577 2651 C,
595 2633 623 2652 ιι,
647 2622 678 2649 S.
752 2622 810 2651 173.
837 2622 878 2649 At
907 2630 1002 2657 quem,
1026 2622 1084 2653 Μ.;
1119 2619 1152 2648 P.
1187 2619 1323 2653 corrigit-k
1352 2620 1379 2643 in
1411 2616 1470 2643 Ad.

237 2668 291 2695 174.
318 2676 454 2703 ιοουυι,
481 2669 511 2696 C.
532 2678 559 2696 u.
584 2669 614 2698 S.
665 2671 721 2697 179.
743 2669 821 2695 Quo
848 2670 1002 2695 veniens
1031 2668 1158 2694 refero
1199 2666 1349 2700 permagni
1366 2664 1472 2698 gaudia

223 2714 300 2741 doni.
319 2715 350 2740 C.
362 2723 389 2740 u.
405 2715 435 2741 S.
