1702 2939
70 335 92 377 7
103 335 166 376 70.

73 1024 165 1064 780.

70 1369 162 1411 785.

68 1713 160 1754 790.

102 2378 163 2407 772.

601 214 917 260 -333—

188 336 371 376 Advenit
403 336 488 375 dux
521 334 732 375 Conradus
765 349 854 374 eum
885 348 986 387 pace
1017 349 1226 383 reversus,

184 405 407 445 Adducens
438 405 727 456 Beringarium
759 417 882 457 supra
913 407 1191 452 memoratum,

184 474 320 527 Ipsius
352 474 507 525 ingenii
538 477 702 526 captum
733 473 790 513 sie
821 476 909 512 arte
940 473 1144 525 profundi,

186 541 325 583 Gratis
355 547 400 582 ut
432 542 594 582 Oddoni
626 543 741 581 venit
772 556 816 581 se
849 543 1024 581 subdere
1057 542 1158 593 regi.

184 612 299 650 Tunc
329 612 438 650 idem
468 625 556 658 rex,
590 611 661 663 qui
693 624 854 664 semper
886 611 984 650 fecit
1014 611 1233 663 sapienter,

156 680 306 720 ‚Hunc
337 693 480 731 regem
512 683 623 719 certe
655 680 779 731 digno
810 680 991 732 suscepit
1020 680 1189 734 honore,

183 750 425 789 Restituens
457 749 515 787 illi
546 749 698 788 sublati
729 749 904 787 culmina
934 749 1054 800 regni

184 819 272 858 Ista
302 821 493 871 percerte
524 820 683 857 tantum
717 818 790 857 sub
824 818 1065 866 conditione,

184 888 240 929 Ut
270 892 362 940 post
393 888 495 926 haec
527 887 660 925 causis
692 900 771 925 non
805 887 1106 925 contradiceret
1135 886 1229 925 ullis

184 957 320 1009 Ipsius
347 956 528 1008 imperio,
561 955 698 994 multis
729 955 852 1006 longe
883 955 1115 1003 metuendo,

188 1024 269 1064 Sed
301 1038 376 1064 ceu
408 1025 619 1076 subjectus
646 1024 774 1076 jussis
807 1030 918 1064 esset
949 1023 1167 1063 studiosus,

185 1094 276 1133 Hoe
307 1106 468 1145 quoque
500 1093 683 1132 sollicitis
715 1093 901 1132 decrevit
929 1093 1106 1132 maxime
1139 1092 1268 1141 dictis,

187 1163 244 1203 Ut
273 1165 367 1215 post
396 1163 499 1201 haec
527 1162 722 1214 populum
751 1163 921 1213 regeret
951 1161 1192 1200 clementius
1222 1161 1366 1214 ipsum,

189 1232 324 1277 Quem
354 1231 467 1284 prius
498 1230 666 1283 imperio
697 1230 863 1269 nimium
895 1230 1092 1283 corripuit
1122 1242 1271 1269 amaro.

188 1301 269 1347 Qui
300 1314 343 1339 se
376 1299 625 1352 complendis
657 1299 851 1338 simulans
882 1301 1113 1352 promptum
1142 1299 1231 1338 fore
1257 1298 1396 1351 jussiS,

186 1371 311 1411 Ocius
343 1369 554 1417 abscessit,
586 1368 761 1420 patriam
789 1369 1004 1420 laetusque
1034 1368 1190 1420 petivit.

181 1440 259 1479 Ast
289 1438 357 1478 ubi
390 1437 603 1477 sublimem
634 1437 755 1488 regni
783 1437 1026 1490 possederat
1057 1449 1204 1485 arcem,

180 1508 338 1547 Laesus
369 1506 549 1545 suadelis
580 1506 835 1558 quorundam
864 1519 1039 1558 namque
1071 1505 1265 1554 sinistris,

182 1576 283 1616 Mox
314 1576 468 1615 infelici
499 1575 692 1627 graviora
724 1575 886 1627 quidem
911 1576 1015 1628 juga
1045 1575 1159 1626 genti

182 1646 328 1693 Infert,
359 1645 402 1684 vi
431 1657 581 1696 magna
612 1658 686 1697 pro
720 1645 919 1697 despectu
951 1644 1026 1683 sibi
1055 1644 1176 1692 facta,

187 1714 239 1754 Se
270 1727 446 1766 regnum
476 1713 608 1766 pretio
641 1715 876 1753 contestans
907 1726 1044 1752 emere
1073 1725 1234 1764 magno,

181 1783 268 1823 Nec
300 1783 388 1822 fore
421 1782 680 1835 culpandum,
713 1782 746 1821 si
773 1783 841 1835 jus
873 1782 1070 1834 fregisset
1099 1794 1280 1831 avorum,

183 1852 264 1892 Sed
295 1852 427 1904 magis
459 1851 619 1892 Oddoni
650 1852 795 1904 culpae
826 1851 1015 1891 meritum
1045 1850 1241 1904 reputari,

177 1921 265 1974 Ipsi
295 1921 493 1975 primates
524 1920 656 1974 plebis
689 1920 756 1972 qui
785 1921 989 1960 venderet
1016 1933 1166 1960 omues.

183 1990 300 2029 Haec
330 2004 399 2029 res
429 1990 481 2029 ad
510 2003 654 2042 regem
682 2003 780 2030 mox
809 1992 855 2029 ut
883 1989 1075 2043 pervenit
1104 1989 1293 2038 eundem,

155 2059 231 2098 ‚In
262 2058 551 2109 Beringarium
577 2059 690 2111 justa
721 2059 984 2098 succenditur
1014 2059 1086 2107 ira,

183 2127 315 2167 Corde
347 2140 470 2179 super
501 2128 641 2180 populi
672 2127 828 2166 damnis
858 2141 1048 2167 moerens
1077 2126 1310 2176 miserandi,

179 2197 229 2236 In
259 2196 488 2248 meliusque
519 2198 670 2235 statum
701 2197 856 2236 studuit
887 2199 1130 2236 convertere
1161 2209 1310 2236 rerum.

187 2382 274 2413 apte
295 2380 367 2404 skatt
387 2380 483 2411 arte,
506 2377 537 2406 P.
577 2376 636 2405 779.
657 2376 879 2413 mutuenda,
902 2376 941 2404 M.
957 2386 985 2404 ιι.
1006 2386 1102 2412 uispr.
1119 2378 1193 2405 auch
1213 2379 1262 2412 P.;
1283 2381 1441 2406 metuen-

177 2425 250 2458 dis.
285 2425 326 2457 C„
355 2424 386 2450 R.
408 2433 436 2450 u.
461 2423 509 2459 S.;
531 2423 623 2458 vergi.
644 2423 706 2451 844.
745 2424 804 2451 780.
827 2425 1029 2459 studiosis,
1058 2425 1097 2451 Μ.
1123 2434 1152 2451 ιι.
1173 2425 1206 2451 P.
1243 2426 1303 2454 783.
1324 2427 1438 2452 corri-

175 2471 278 2505 puit,
300 2471 339 2496 Μ.
359 2479 387 2496 ιι.
408 2470 440 2496 Ρ.
464 2477 581 2504 urspr.;
611 2470 639 2495 in
659 2469 700 2495 M.
719 2469 839 2496 ‘andei-te
861 2471 958 2497 Ceites
990 2473 1018 2497 in
1046 2472 1252 2505 contrivit,
1283 2471 1334 2497 das
1363 2472 1438 2498 auch

173 2518 256 2542 scine
277 2517 426 2551 Ausgabe,
443 2516 520 2542 daun
540 2516 572 2542 R.
585 2525 613 2543 u.
627 2515 657 2543 S.
682 2515 799 2552 habcn;
825 2517 852 2542 in
873 2517 903 2544 P.
926 2517 1005 2543 steht
1025 2518 1098 2544 iiber
1116 2517 1180 2544 dem
1203 2518 1437 2552 durchgestrich.

175 2564 318 2597 corripuit
347 2563 393 2588 die
414 2563 571 2589 Correctur
597 2562 763 2589 co'rexit.
802 2564 862 2591 789.
887 2563 1008 2598 facto⁷
1029 2565 1070 2599 C.‚
1090 2564 1122 2592 R.
1143 2573 1172 2591 u.
1193 2563 1222 2590 S.
1262 2565 1321 2591 791.
1341 2571 1437 2598 spar—

175 2610 315 2643 gisset,
343 2609 375 2636 P.
424 2608 482 2635 792.
505 2609 679 2642 devenit,
697 2608 728 2634 R.
777 2609 836 2637 797.
859 2611 998 2636 statuit
1026 2610 1194 2643 studuit,
1224 2609 1264 2635 M.
1289 2618 1319 2638 u.
1340 2617 1436 2644 urspr.

174 2655 302 2688 anchP.‚
322 2662 365 2680 wo
383 2654 606 2687 hernaciijenes
625 2654 654 2680 in
674 2657 814 2681 statum
832 2657 970 2691 corrigit-t
986 2656 1106 2693 wurde3
1127 2658 1267 2683 statum
1287 2657 1435 2691 statuit,

177 2700 217 2727 C..
239 2700 272 2728 R.
293 2708 322 2729 u.
344 2699 376 2726 S.
