1702 2939
785 215 1098 258 -206—

787 331 1076 372 Johannes

252 401 286 441 O
318 401 490 449 Phi-istc,
521 401 660 440 numdi
692 400 915 452 redemptio
945 405 986 440 et
1015 405 1277 453 peccatorum
1306 400 1551 454 propitiatio,
1567 400 1622 454 ⁴³)

251 471 438 522 qualibus
470 470 634 508 laudum
679 469 907 522 praeconiis
952 472 994 508 te
1036 469 1158 508 talem
1205 469 1420 517 celebrem,
1467 469 1621 521 ignoro.

251 538 450 591 Expaveo
482 538 539 577 tui
569 538 789 589 benignam
820 537 1076 576 elementiam
1118 539 1160 576 et
1196 537 1439 577 clementem
1466 538 1622 591 patien-

250 607 357 654 tiam,
390 607 457 659 qni
487 612 707 659 peccantes
747 619 855 644 nnnc
896 611 1066 658 paterno
1096 619 1208 645 more
1249 606 1460 646 tolerando
1510 606 1622 646 blan-

251 676 361 724 diris,
373 689 479 715 nunc
487 677 601 728 justa
617 675 838 714 severitate
856 675 1093 726 castigando
1113 675 1165 714 ad
1189 675 1480 728 poenitentiam
1498 675 1622 727 cogis.

740 743 1136 783 Andronichus.

251 810 359 851 Laus
391 813 481 865 ejus
512 813 673 852 divinae
704 812 855 865 pietati.

759 880 1114 933 Johannes.⁴⁴)

254 949 357 995 Quis
374 950 547 989 auderet
569 949 752 997 credere,
770 950 914 1001 quisve
933 952 1217 1002 praesumeret
1232 961 1413 1002 sperare,
1443 950 1489 988 ut
1503 948 1623 998 hunc,

251 1031 372 1069 quem
404 1018 628 1057 criminosis
660 1018 859 1057 intentum
890 1018 1000 1057 vitiis
1030 1031 1138 1057 mors
1157 1017 1313 1057 invenit
1344 1019 1384 1056 et
1415 1016 1624 1056 inventum

255 1087 434 1133 abstulit,
466 1087 523 1125 tui
556 1086 762 1125 miseratio
794 1086 845 1124 ad
876 1086 1002 1125 vitam
1033 1087 1228 1134 excitare,
1260 1086 1311 1124 ad
1341 1085 1504 1124 veniam
1536 1085 1623 1137 dig-

251 1160 422 1194 naretur
450 1156 676 1207 reparare?
738 1154 799 1194 Sit
827 1167 975 1194 nomen
1006 1157 1121 1193 tuum
1151 1156 1337 1193 ¹<anctum
1366 1153 1625 1194 benedictum

259 1223 300 1263 in
336 1223 584 1276 saccula,‘¹⁵)
615 1223 682 1275 qni
713 1223 824 1262 solus
856 1223 956 1262 sacis
987 1223 1189 1275 stupenda
1218 1222 1437 1263 mirabilia!

743 1291 1137 1330 Andronichus.

253 1360 341 1412 Eja,
374 1365 515 1399 sancte
548 1360 769 1407 JnhanneS,
817 1366 857 1398 ct
888 1373 952 1398 me
998 1359 1200 1398 consolari
1236 1372 1289 1398 ne
1333 1359 1494 1410 tardes3
1531 1371 1625 1399 nam

256 1429 485 1481 conjugalis
527 1442 639 1467 amor
679 1428 906 1467 Drusianae
951 1440 1081 1466 meam
1112 1428 1212 1466 haut
1256 1428 1408 1480 patitur
1447 1430 1625 1468 mentem

259 1498 497 1546 consistere,
509 1497 587 1536 nisi
606 1501 645 1537 ct
663 1497 790 1550 ipsam
809 1496 1047 1548 quantocius
1060 1496 1221 1535 videam
1236 1498 1537 1536 ressurrectum
1551 1496 1625 1537 ire.

793 1565 1078 1605 Johannes

251 1634 465 1683 Drusiana,
496 1634 715 1674 resuscitet
745 1637 784 1673 tc
816 1634 1010 1673 Dominus
1041 1633 1165 1674 Jcsus
1196 1632 1394 1674 Christus,

794 1703 1074 1742 Drusiana.

251 1771 360 1811 Laus
392 1776 433 1812 et
462 1772 590 1812 honor
621 1772 692 1812 tibi
724 1770 897 1820 Christe,
929 1771 997 1824 qui
1026 1784 1090 1810 me
1121 1770 1255 1810 fecisti
1285 1769 1548 1811 reviviscere.

755 1839 1104 1880 Calimachus.

251 1908 465 1961 Sospitatis
495 1909 650 1948 auctori
681 1912 834 1961 grates,
864 1909 932 1960 qui
958 1913 1011 1957 te,
1042 1921 1131 1947 mea
1147 1908 1363 1956 Drusiana,
1394 1920 1618 1959 resurgere

250 1977 361 2016 dedit
387 1978 426 2015 in
456 1977 622 2025 laetitia,
649 1989 753 2029 qnae
785 1977 903 2029 gravi
935 1990 1026 2016 euni
1057 1977 1222 2017 tristitia
1253 1976 1317 2016 die
1333 1976 1388 2030 ⁴⁶)
1417 1976 1617 2028 fungeba-

249 2045 305 2084 ris
337 2051 535 2085 extrema.

791 2102 1072 2142 Drusiana.

249 2171 379 2210 Decet
410 2171 468 2211 tui
497 2171 766 2219 sanctitatem,
797 2171 1035 2210 venerande
1065 2173 1182 2224 pater
1210 2169 1432 2220 Johannes,
1462 2171 1520 2220 ut,
1553 2182 1617 2209 re-

249 2240 444 2279 suscitato
475 2238 716 2288 Calimacho,
749 2239 817 2291 qui
847 2252 911 2278 mc
948 2239 1100 2278 inlicite
1137 2239 1300 2289 amavit,
1332 2241 1373 2278 et
1412 2238 1520 2278 hunc
1551 2251 1616 2278 re-

248 2309 432 2356 suscites,
473 2308 542 2362 qui
571 2308 649 2347 mei
679 2308 860 2362 proditor
892 2308 1047 2346 funeris
1079 2307 1227 2347 extitit.

755 2387 786 2428 C
799 2388 845 2427 al
857 2388 870 2427 i
882 2401 921 2426 m
932 2400 956 2427 a
969 2400 990 2427 c
1001 2388 1027 2427 h
1038 2401 1065 2437 u
1078 2401 1108 2426 s.

248 2457 311 2497 Nc
341 2457 508 2509 dignum
539 2457 674 2505 duCaS,
692 2455 842 2496 Christi
872 2457 1066 2510 apostole,
1090 2456 1198 2495 hunc
1214 2455 1474 2509 proditorem,
1506 2454 1616 2494 hunc

284 2592 333 2629 43)
356 2592 395 2619 Μ.
415 2592 466 2619 hat
484 2591 574 2626 nicht,
597 2592 650 2618 wic
671 2591 731 2625 Mg.
752 2592 850 2625 moini,
873 2591 1119 2626 propinatio,
1138 2599 1162 2618 s.
1187 2598 1214 2624 p.
1232 2589 1423 2617 198.Anm.a.
1460 2586 1510 2624 Μ)
1532 2587 1614 2616 Joh.

352 2639 427 2666 fehlt
448 2640 476 2665 in
497 2638 537 2665 M.
559 2647 586 2664 ιι.
607 2638 638 2664 P.
674 2637 724 2672 45>
743 2639 771 2663 in
791 2635 893 2663 secula
912 2637 1025 2670 bened„
1047 2636 1077 2663 C.
1099 2645 1128 2663 u.
1147 2635 1177 2662 S.
1215 2636 1264 2673 46)
1283 2637 1363 2671 die,
1385 2635 1449 2671 M.;
1471 2635 1524 2662 das
1545 2635 1554 2661 i
1575 2635 1615 2660 ist
1668 2630 1671 2639 '

351 2685 401 2720 att,
423 2684 583 2722 nichthwie
604 2683 664 2718 Mg.
684 2685 756 2718 sagi,
781 2691 836 2708 von
860 2683 910 2709 der
932 2682 1014 2709 nana
1036 2683 1087 2709 des
1107 2682 1217 2711 Celtes.
