1702 2939
591 231 878 274 —73-

55 348 148 389 265.
171 349 348 401 „Magno
380 348 452 386 sed
484 347 616 387 studio
648 361 791 387 serves
823 361 912 386 mea
944 349 1049 387 dieta
1079 349 1300 400 sequenda,

168 418 251 465 „Te
284 415 396 469 quia'
410 417 531 456 corde
564 417 650 456 colo
681 430 840 456 necnon
874 418 1111 456 venerarier
1143 421 1235 469 opto

168 487 324 535 „Tanto
355 499 455 539 prae
486 486 641 525 cunctis
674 487 791 524 aulae
824 486 1042 538 splendore
1073 486 1279 531 ministris,

167 556 310 602 „Alter
340 557 385 594 ut
413 555 453 594 in
485 568 613 606 regno
646 554 712 602 sis,
744 568 807 593 me
840 558 1075 607 praestante
1108 557 1321 607 superbo.“

166 624 279 663 Haec
310 624 377 665 ait.
411 627 451 662 et
483 624 631 662 dextra
663 624 902 676 compressit
934 624 1125 676 martyris
1157 637 1239 669 ora,

51 692 144 734 270.
168 693 377 732 Astrictim
407 693 527 730 laeva
559 693 832 745 complectens
863 693 967 732 eolla
998 699 1170 740 sacrata,

165 763 256 808 Quo
289 763 345 801 sic
374 762 558 801 oscillum
589 763 724 801 saltim
752 763 979 813 configeret
1010 776 1143 801 unum.

168 830 325 871 s'allida
355 832 427 870 sed
459 832 575 870 testis
607 831 790 870 confudit
819 832 976 869 ludicra
1006 831 1129 882 regiS,

170 901 308 952 Osque
340 901 443 952 petit
473 901 603 939 subito
635 913 772 953 pugno
803 901 946 951 regale
976 900 1148 946 vibrato,

167 969 311 1008 Intulit
343 974 384 1008 et
414 973 571 1008 tantum
603 969 740 1022 pronis
772 969 975 1008 obtutibus
1006 969 1140 1015 ictum,

52 1035 147 1077 275.
171 1038 348 1089 Sanguis
379 1042 434 1085 ut,
467 1040 620 1090 absque
652 1050 764 1077 mora
795 1038 953 1076 stillans
985 1038 1035 1075 de
1066 1038 1239 1076 vulnere
1272 1037 1391 1079 facto,

159 1107 337 1146 Barbam
367 1108 549 1146 foedavit
579 1120 738 1145 necnon
769 1110 907 1146 vestes
938 1106 1166 1144 madefecit.

218 1175 331 1215 Tune
349 1190 438 1224 rex,
455 1190 535 1215 non
558 1177 755 1215 modicam
780 1176 908 1215 tristis
931 1189 1156 1214 conversus
1180 1174 1219 1212 in
1247 1174 1361 1218 iram,

160 1245 297 1289 Iussit,
327 1245 552 1295 Pelagium,
586 1245 775 1284 coelestis
807 1245 918 1293 regis
949 1245 1166 1290 alumnum,

168 1313 300 1353 Trans
331 1327 468 1353 muros
500 1314 637 1366 proici,
665 1314 822 1366 jactum
854 1314 980 1352 sunda
1010 1311 1238 1360 machinali,

44 1381 138 1430 280,
161 1381 314 1422 Crebro
342 1383 545 1421 bellantes
575 1383 687 1421 saxis
720 1395 822 1434 quae
854 1382 1034 1434 perfodit
1064 1382 1214 1427 hostes,

159 1451 315 1490 Nobilis
346 1456 390 1490 ut
421 1452 550 1499 testis,
581 1451 694 1490 fluvii
725 1452 889 1490 collisus
920 1450 1068 1497 arenis,

156 1520 310 1560 Urbem
340 1519 407 1571 qui
438 1527 554 1559 vasto
584 1520 749 1572 propius
781 1519 1022 1559 circumfluit
1049 1519 1171 1567 unda,

158 1588 418 1627 Membratim
447 1592 636 1641 creperet
665 1589 812 1640 raptim
841 1590 1078 1639 fractusque
1110 1587 1275 1640 periret.

160 1656 274 1696 Talia
301 1656 474 1709 jactanti
504 1658 703 1709 parebant
736 1658 839 1696 forte
869 1657 1052 1704 ministri,

43 1722 137 1764 285.
160 1723 259 1764 Mox
292 1728 331 1764 et
361 1726 583 1764 inauditam
615 1729 858 1765 struxerunt
888 1726 1063 1777 denique
1095 1738 1278 1777 poenam,

151 1794 296 1832 Funda
326 1794 539 1845 Pelagium
565 1795 766 1846 jacientes
796 1794 1143 1846 martyrizandum

159 1861 280 1903 Urbis
311 1863 490 1901 famosae
522 1869 635 1902 trans
664 1864 840 1902 maxima
869 1863 1029 1902 moenia
1057 1863 1191 1914 longe.

155 1930 248 1977 Sed,
281 1931 377 1970 licet
407 1931 596 1982 ingentes
629 1934 838 1971 obstantes
870 1932 1048 1983 undique
1079 1945 1203 1983 rupes

150 1999 348 2038 Artarent
379 2001 496 2038 testis
527 2014 674 2052 corpus
704 2002 925 2053 praedulce
959 2000 1154 2047 cadentis,

44 2065 136 2106 290.
160 2068 353 2108 Attamen
384 2069 550 2108 illaesus
583 2068 733 2109 Christi
763 2069 987 2122 permansit
1018 2069 1182 2107 amicus.

213 2135 334 2175 Certe
366 2138 530 2187 regales
563 2139 680 2177 citius
711 2139 901 2190 pervenit
932 2138 983 2176 ad
1015 2151 1148 2185 aures,

151 2203 347 2257 Martyris
378 2206 485 2244 allisi
517 2219 664 2258 corpus
694 2221 774 2245 non
806 2220 926 2260 posse
958 2207 1101 2254 secari,

151 2272 273 2324 Infigi
305 2274 479 2326 scopolis
511 2275 623 2326 ripae
653 2276 759 2327 quod
786 2276 907 2328 jussit
938 2276 1080 2323 acutis,

152 2341 230 2380 Hic
261 2342 392 2392 magis
425 2342 623 2389 offensus,
665 2344 828 2395 penitus
860 2346 995 2383 fuerat
1026 2344 1120 2396 quia
1151 2345 1296 2386 victus.

41 2407 135 2448 295.
159 2407 259 2449 Mox
291 2415 412 2463 caput
444 2417 588 2451 exacto
615 2413 738 2464 jussit
769 2413 979 2452 succidere
1012 2414 1133 2461 ferro,

155 2478 208 2517 Et
239 2480 525 2519 sententiolam
555 2481 613 2520 sie
645 2495 843 2521 exercere
876 2495 1117 2535 supremam.

69 2612 130 2638 ¹267.
157 2611 380 2645 splendere.
420 2614 451 2640 Γ.
482 2623 510 2641 ιι.
534 2614 564 2642 S.
619 2617 680 2643 270.
719 2616 955 2649 Astrirtnm,
989 2617 1029 2644 C..
1051 2617 1080 2644 S.
1104 2627 1132 2646 n.
1159 2619 1189 2645 P.
1235 2619 1295 2645 275.
1325 2619 1410 2643 San-

157 2658 311 2690 Ιέῑὶῑΰῖδ,
331 2658 369 2683 Μ-
392 2667 417 2684 ῑί
440 2659 484 2694 l‘.;
511 2661 654 2695 abque,
679 2661 716 2687 Μ.
753 2663 814 2689 279.
837 2662 978 2696 fundo,
1004 2665 1033 2691 C.
1057 2673 1072 2689 u
1107 2663 1126 2689 S
1158 2664 1250 2699 voergl.
1271 2664 1332 2691 22¹3.

70 2703 130 2729 2³82.
152 2702 286 2729 Urbem
308 2712 419 2739 quae,
441 2705 471 2732 C.
498 2715 524 2732 u.
545 2706 576 2735 S.
613 2708 677 2735 285.
696 2711 965 2743 struem-runt,
991 2709 1030 2737 M.
