1702 2939
603 203 919 246 —275———1

70 323 303 373 tempnunt,
345 319 466 368 adeo,
508 325 552 360 ut
584 321 860 372 dedignantur
882 321 932 373 Π)
971 321 1181 361 nobiscum
1213 321 1440 371 comedere,

70 394 219 442 quanto
249 390 380 428 minus
411 389 597 428 dormire.

590 458 907 497 Hadrianus.

69 516 231 563 Fateor,
263 516 499 568 periculum.

600 572 907 612 Antiochus,

68 642 197 682 Decet
228 642 286 681 tui
318 654 535 694 personam
566 654 830 693 praecavere.

587 710 908 749 Hadrianus.

70 778 346 831 s'onsequens.
406 779 646 818 Advocctur
678 784 719 818 et
748 779 789 817 in
819 780 949 818 nostri
979 780 1225 832 praesentia,
1257 792 1309 819 an
1340 781 1440 820 vetit

68 849 227 896 cedere,
260 849 509 887 discutiatur.

600 904 910 945 Antiochus.

66 976 171 1025 Vin',
202 989 266 1014 me
296 975 408 1014 illam
438 974 651 1014 advocare.

590 1043 912 1083 Hadrianus.

65 1114 170 1154 Volo
206 1115 405 1167 percerte.

599 1227 907 1267 Antiochus.

65 1298 176 1343 Quid
207 1298 379 1346 vocaris,
413 1311 433 1337 o
465 1298 610 1336 mulier
642 1297 801 1335 advena
813 1299 831 1336 ἱ)

607 1365 632 1406 S
647 1366 893 1420 api-entia.

64 1424 282 1477 Sapientia.

598 1481 753 1521 Antio
767 1482 900 1520 chus.

61 1549 291 1603 Imperator
320 1550 556 1589 Hadrianus
583 1550 705 1603 jussit
736 1553 776 1589 te
807 1550 847 1589 in
879 1551 1030 1604 palatio
1061 1551 1319 1603 praesentari
1350 1552 1433 1591 suis

65 1621 359 1673 conspectibus,

603 1676 887 1730 Sapientia.

61 1746 265 1786 Palatium
297 1760 387 1785 cum
417 1747 541 1785 nobili
572 1747 746 1785 filiarum
777 1746 967 1785 comitatu
997 1746 1152 1785 intrare
1175 1759 1256 1785 non
1273 1746 1431 1798 trepido

60 1819 101 1855 ct
130 1817 330 1855 minacem
362 1815 619 1869 imperatoris
660 1815 820 1854 vultum
863 1815 1084 1854 comminus
1123 1815 1308 1868 aspicere
1346 1829 1428 1854 non

59 1884 241 1925 formido.

592 1942 897 1981 Antiochus.

58 2011 243 2051 Invisum
275 2025 405 2068 genus
433 2011 756 2051 christicolarum
787 2024 949 2064 semper
979 2014 1210 2064 promptum
1228 2013 1291 2050 cst
1319 2011 1430 2064 prin-

59 2081 214 2133 cipibus
245 2081 296 2119 ad
326 2080 611 2119 resistendum.

599 2148 888 2202 Sapientia.

58 2217 255 2271 Princeps
286 2218 578 2266 universitatis,
611 2218 679 2270 qui
708 2218 840 2256 nescit
869 2217 989 2267 vinci,
1020 2230 1100 2257 non
1131 2217 1305 2270 patitur,
1335 2230 1429 2257 suos

59 2287 107 2327 ab
138 2288 254 2327 hoste
286 2287 482 2340 superari.

590 2343 903 2384 Antiochus.

60 2410 205 2466 Mitiga
237 2413 488 2453 effluentiam
518 2415 738 2453 verborum
770 2416 810 2452 et
840 2426 969 2466 perge
1001 2413 1053 2452 ad
1083 2413 1290 2467 palatium.

601 2481 893 2534 Sapientia.

57 2549 243 2591 Monstra
272 2551 381 2590 viam
410 2552 656 2605 praeeundo,
688 2565 762 2591 nos
793 2551 1078 2604 subsequimur
1109 2550 1389 2591 accelerando.

97 2688 140 2722 12)
160 2687 426 2722 dedignentur,
449 2687 506 2721 Mg.

1063 2701 1173 2763 isss'
