1702 2939
665 199 983 242 -151—

667 314 987 356 Constantia.

140 370 233 411 Non
264 372 327 410 cst
355 384 538 410 necesse.

627 439 1026 482 Constantinus.

140 507 243 547 Eam
274 509 314 547 et
345 506 603 547 Gallicanum
632 510 742 549 laeta
772 511 1038 562 promissione
1071 512 1397 554 circumveniam.

657 576 687 616 C
701 591 721 617 0
734 591 760 616 n
773 582 854 618 sta
865 580 942 619 nti
954 592 988 620 a.

141 644 257 683 Vade
286 645 326 683 in
357 657 470 697 pace,
501 646 556 684 mi
587 646 767 686 domine!

657 793 991 836 Gallicanus

139 862 382 903 Curiositate
410 863 592 914 frangar,
614 876 635 903 ο
656 864 874 917 principes,
895 868 1124 918 antequam,
1147 866 1243 918 quid
1272 866 1347 906 mis
1367 867 1417 920 ¹⁵³)
1448 880 1512 907 se-

137 932 226 972 nior
255 932 473 983 Augustus
505 938 588 971 tam
619 932 687 971 diu
718 946 810 973 cum
841 934 961 973 herili
990 935 1074 974 filia
1104 937 1213 987 agat,
1246 936 1449 989 experiar.

678 1001 711 1040 P
723 1016 743 1040 r
756 1002 802 1040 in
815 1002 857 1041 ci
869 1016 894 1055 p
909 1016 929 1042 e
943 1017 973 1042 s.

138 1069 294 1109 Suadet
322 1069 381 1108 illi
410 1069 530 1118 velle,
564 1082 668 1122 quae
701 1070 923 1111 desideras.

659 1136 696 1178 G
707 1139 806 1178 alli
819 1152 839 1178 c
851 1152 874 1178 a
885 1153 913 1178 n
924 1153 951 1179 u
963 1153 995 1178 s.

137 1206 170 1247 Ο
203 1207 359 1246 utinam
387 1207 651 1260 praevaleret
681 1208 837 1246 suasio!

677 1276 710 1315 P
722 1290 742 1315 r
754 1277 766 1315 i
778 1290 804 1315 n
816 1289 837 1315 c
849 1276 861 1315 i
872 1290 897 1329 p
907 1290 929 1315 e
943 1289 973 1316 s.

134 1333 326 1373 Forsitan
355 1333 622 1385 praevalebit.

661 1399 989 1441 Gallicanus.

137 1471 275 1520 Silete,
308 1470 517 1523 quiescite,
548 1470 764 1523 Augustus
794 1471 1032 1522 revertitur,
1062 1485 1166 1522 non,
1207 1472 1254 1512 ut
1293 1470 1402 1522 abiit,
1443 1470 1511 1511 ob-

138 1553 269 1588 scuro,
303 1540 376 1578 sed
406 1540 526 1579 vultu
557 1539 772 1578 admodum
803 1552 961 1578 sereno.

675 1606 974 1660 Principes.

131 1666 248 1706 Bona
278 1665 453 1705 fortuna.

658 1719 986 1761 Gallicanus.

135 1791 178 1831 Si
209 1791 326 1839 enim,
358 1794 403 1830 ut
435 1791 593 1838 dicitur,
622 1791 834 1843 speculum
864 1790 1012 1829 mentis
1044 1791 1107 1829 est
1137 1789 1276 1839 facies,
1309 1790 1510 1831 serenitas

133 1861 255 1899 faciei
285 1860 642 1899 mansuetudinem
674 1860 780 1897 forte
813 1859 1003 1909 designat
1035 1859 1123 1911 ejus
1155 1859 1287 1898 animi.

675 1927 968 1979 Principes.

132 1986 210 2025 Ita.

618 2108 1025 2149 Constantinus.

133 2166 368 2208 Gallicane!

653 2220 691 2262 G
704 2223 836 2262 allio
849 2234 872 2261 a
883 2236 909 2261 n
921 2236 948 2261 u
959 2235 989 2261 s.

135 2282 244 2328 Quid
274 2281 409 2320 dixit?
920 2324 923 2327 ,

668 2335 700 2375 P
713 2350 733 2375 r
746 2337 794 2375 in
807 2349 827 2375 c
840 2337 851 2374 i
862 2350 887 2389 p
902 2349 923 2374 c
936 2349 966 2375 s.

133 2406 328 2455 Procede,
360 2406 549 2459 procede,
580 2407 701 2445 vocat
732 2407 771 2444 tc
789 2408 797 2443 ἔ

661 2472 698 2513 G
711 2487 732 2513 a
744 2475 757 2512 l
769 2475 782 2512 l
794 2474 838 2513 ic
850 2486 872 2512 a
885 2487 910 2512 n
922 2487 949 2512 u
961 2487 991 2513 s.

133 2531 199 2570 Dii
228 2531 402 2584 propitii,
435 2531 573 2570 favete
588 2533 596 2569 Σ

175 2666 219 2699 18)
239 2665 308 2699 quid
327 2673 444 2699 meus,
467 2665 498 2692 C.
520 2673 548 2691 u.
569 2664 599 2691 S.
